3076 4764
525 274 562 328 de
579 274 717 343 gubern.
735 272 787 327 dei
810 273 848 328 VI
872 273 1015 338 §58—66.
1273 275 1333 340 143

207 465 309 550 magis
337 465 510 547 placandus
533 465 581 529 est
603 465 634 527 iu
659 462 799 528 aduersis
821 463 896 528 deus
919 463 951 527 et
974 461 1078 527 minus
1109 463 1276 528 laedendus
1298 463 1332 528 in

207 568 377 651 prosperis:
399 567 517 652 placari
533 565 646 649 quippe
662 563 763 640 debet,
786 583 859 630 cum
872 564 1030 643 irascitur,
1053 564 1137 631 laedi
1153 582 1215 630 non
1230 566 1332 644 debet,

207 688 279 736 cum
301 671 507 754 propitiatur3
531 669 663 735 aduersa
684 669 767 733 enim
788 667 877 737 nobis
900 686 955 749 per
969 667 1165 733 iracundiam
1180 667 1230 733 dei
1245 671 1331 734 ueni·

206 778 264 838 unt
286 774 423 838 secunda
444 791 498 856 per
519 771 666 855 gratiam.
697 788 753 835 nos
776 772 883 836 autem
898 789 915 834 e
930 769 1052 835 diuerso
1075 768 1180 835 omnia
1197 769 1383 855 agimus.63

182 877 295 952 adicis,
326 875 502 958 quomodo?
532 872 646 956 accipe.
685 875 889 956 caprimum,
917 873 944 936 si
968 872 1089 953 quando
1112 877 1253 938 exoratus
1276 892 1332 939 sua

206 979 275 1062 ipsa
295 977 506 1044 misericordia
528 976 604 1041 deus
626 977 737 1058 (neque
761 977 844 1040 anim
867 994 1017 1058 umquam
1040 994 1096 1042 nos
1117 975 1162 1042 ita
1184 978 1330 1054 uiuimus,

207 1082 243 1146 ut
266 1099 390 1146 exorare
411 1081 610 1162 mereamur),
633 1079 689 1144 sed
712 1078 740 1144 si
763 1081 893 1162 quando,
919 1080 956 1143 ut
979 1078 1052 1158 diri,
1076 1098 1095 1144 a
1116 1096 1149 1143 se
1171 1078 1237 1160 ipso
1261 1097 1331 1144 ero·

206 1184 294 1249 ratus
327 1184 473 1266 pacificos
506 1182 597 1248 nobis
628 1181 694 1247 dies
721 1185 892 1263 prouentus
924 1181 1047 1261 uberes,
1082 1181 1213 1248 diuitem
1245 1184 1332 1248 bonis

208 1286 350 1351 omnibus
378 1287 643 1369 tranquillitatem
672 1290 704 1352 et
732 1287 959 1353 abundantiam
989 1287 1108 1353 dederit
1138 1305 1231 1369 super
1258 1294 1332 1353 uota

172 1391 404 1469 recrescentem,
427 1392 517 1454 tanta
532 1390 737 1454 secundarum
747 1400 859 1455 'rerum
873 1392 1079 1474 prosperitate
1094 1389 1330 1472 corrumpimur,

206 1492 295 1556 tanta
326 1479 447 1557 morum
482 1492 738 1558 insolescentium
772 1493 929 1574 pronitate
963 1492 1124 1575 uitiamur²
1157 1494 1253 1558 utet
1282 1493 1332 1558 dei

205 1595 330 1677 penitus
353 1595 575 1661 obliuiscamur
597 1599 628 1660 et
652 1597 761 1663 nostri.
790 1600 822 1661 et
845 1616 915 1664 cum
930 1615 1056 1663 omnem
1079 1596 1216 1661 fructum
1239 1595 1384 1661 datacdd

208 1698 304 1762 adeo
333 1698 417 1781 pacis
439 1699 474 1763 in
497 1699 553 1764 hoc
583 1698 751 1765 consistere
781 1701 938 1781 apostolus
962 1700 1057 1778 dicat,
1092 1701 1136 1764 ut
1158 1698 1331 1782 quietam

206 1801 244 1866 et
275 1802 534 1883 tranquillam
570 1802 692 1867 uitam
725 1820 884 1884 agamus
912 1802 951 1866 in
980 1803 1082 1868 omni
1118 1801 1270 1886 pietate
1294 1806 1331 1866 et

173 1906 413 1988 necastitate‚
443 1910 481 1971 ad
503 1906 562 1972 hoc
584 1907 708 1971 tantum
733 1907 808 1970 data
830 1926 848 1970 a
870 1908 926 1972 deo
954 1907 1058 1989 quiete
1080 1907 1210 1989 utimur,
1240 1908 1275 1970 ut
1297 1905 1331 1969 in

63 1998 65 2002 ’
207 2009 357 2075 ebrietate
386 2011 423 2074 ut
451 2012 484 2074 iu
512 2010 645 2086 luxuria,
681 2013 716 2074 ut
744 2011 777 2073 iu
806 2009 933 2093 flagitiis
956 2011 992 2075 ut
1015 2010 1047 2074 in
1076 2010 1204 2093 rapinis,
1240 2011 1277 2073 ut
1297 2011 1332 2073 in

207 2115 291 2179 omui
305 2112 420 2179 scelere
436 2117 529 2196 atque
545 2113 747 2195 improbitate
765 2112 920 2178 uiuamus.
951 2113 1040 2195 quasi
1057 2131 1128 2178 uero
1144 2111 1331 2177 beneficium

207 2218 294 2281 datae
322 2217 408 2299 pacis
437 2217 558 2280 uacatio
582 2216 624 2279 sit
645 2215 861 2297 probrositatis
885 2215 918 2280 et
939 2218 977 2280 ad
1001 2216 1059 2280 hoc
1081 2215 1220 2281 inducias
1243 2220 1330 2281 trau·

207 2319 375 2401 quillitatis
411 2320 467 2384 deo
504 2320 637 2384 donante
672 2317 853 2400 capiamus,
887 2320 923 2383 ut
955 2319 1100 2383 licentius
1134 2317 1331 2401 securiusque

173 2441 375 2504 sopcccemus.
412 2423 535 2505 indigni
558 2422 670 2503 ,itaque
698 2421 884 2487 caelestibus
914 2421 1002 2487 donis
1031 2439 1139 2485 sumus
1163 2423 1216 2503 qui
1237 2420 1382 2502 bene-65

207 2524 284 2590 ficiis
314 2525 365 2590 dei
392 2543 454 2590 non
483 2527 560 2590 boue
589 2526 710 2590 utimur
732 2528 764 2589 at
785 2525 915 2590 facimus
938 2543 1004 2589 rem
1028 2543 1157 2605 operum
1178 2526 1329 2590 bonorum

206 2630 368 2693 materiam
397 2630 520 2693 tantum
549 2648 615 2693 csse
646 2627 811 2693 uitiorum:
844 2643 903 2709 quo
931 2627 968 2691 ct
995 2628 1032 2692 ut
1052 2628 1121 2708 ipsa
1142 2646 1202 2709 pax
1223 2632 1331 2694 contra

206 2749 261 2796 uos
290 2732 342 2810 sit,
371 2751 449 2814 quae
480 2732 525 2796 sic
551 2731 655 2813 agitur
676 2750 695 2795 a
716 2730 813 2810 nobis,
844 2749 899 2795 uec
930 2729 1071 2814 expediat
1093 2750 1159 2795 rem
1182 2732 1331 2813 accipere,

207 2852 268 2916 qua
300 2835 469 2899 deteriores
506 2851 624 2898 sumus.
667 2834 737 2916 quis
770 2833 831 2899 hoo
863 2835 984 2899 credere
1018 2836 1134 2917 queat?
1170 2840 1331 2901 mutamus

172 2941 351 3004 uncturam
373 2957 478 3002 rerum
499 2937 718 3020 iniquitatibus
748 2939 870 3013 nostris,
902 2941 941 3003 et.
955 2957 1032 3020 quac
1054 2938 1129 3004 deus
1152 2940 1232 3005 bona
1255 2939 1331 3005 fecit

206 3060 334 3106 munere
356 3040 483 3124 pietatis
505 3059 588 3116 suae,
612 3059 648 3105 ea
663 3060 718 3106 uos
734 3044 820 3107 uobis
843 3040 976 3107 facimus
997 3043 1080 3107 mala
1104 3062 1168 3106 esse
1192 3043 1329 3109 moribus

205 3145 308 3210 malis.

247 3246 319 3312 XII.
351 3245 409 3311 Sed
431 3247 581 3312 uidelicet
608 3249 660 3329 qui
683 3248 910 3330 corrumpimur
932 3249 1022 3312 rebus
1050 3248 1205 3331 prosperis
1234 3251 1330 3316 corri·
1340 3247 1381 3311 66

206 3349 308 3432 gimur
337 3352 483 3430 aduersis,
513 3353 543 3414 et
571 3369 647 3432 quos
674 3350 921 3432 intemperantes
950 3370 1009 3432 pax
1037 3351 1131 3433 longa
1158 3350 1233 3416 fecit
1261 3354 1330 3417 tur·

254 3592 255 3595 ¹
307 3521 371 3575 131
390 3521 544 3586 riman.

255 3677 272 3731 3
290 3678 457 3746 propicietur
474 3680 501 3732 A
527 3678 650 3746 placatur
669 3680 696 3733 Β
713 3679 761 3734 aad
778 3695 839 3734 cam
856 3695 957 3734 rasura
976 3685 1040 3734 ante
1058 3681 1116 3748 plac
1219 3683 1330 3736 ueniant

204 3761 232 3815 A
282 3781 284 3784 ’
335 3765 454 3834 tneque
470 3766 498 3819 Β
517 3781 587 3820 corr.
605 3783 639 3821 ea
656 3771 745 3835 nequa
844 3765 978 3820 lexorari
996 3767 1022 3820 Β
1075 3813 1077 3820 ,
1121 3767 1278 3837 dpacificos
1296 3784 1330 3824 aa

205 3849 330 3917 pacificus
355 3850 384 3904 A
409 3867 479 3906 corr.
498 3857 566 3906 cal
615 3872 616 3875 ¹
669 3853 686 3908 9
712 3852 927 3907 habundantiam
953 3852 982 3906 A
1006 3854 1070 3908 itam
1087 3855 1166 3921 infra
1182 3861 1208 3920 ἕ.
1226 3859 1262 3922 66

207 3933 240 3986 12
257 3932 448 3991 obliuiscamur
466 3952 499 3991 eae
518 3940 611 3991 -antur
628 3940 655 3992 A
673 3954 743 3994 corr.
760 3943 829 3993 aaz
931 3954 991 3993 cum
1014 3955 1065 3994 ora.
1083 3941 1111 3999 B
1216 3942 1249 3997 14
1265 3960 1330 4013 aga-

203 4036 264 4073 mus
282 4037 317 4076 ιω
334 4021 442 4091 agimus
458 4022 487 4076 A
505 4039 575 4079 corr.
588 4028 652 4078 aa.1
749 4025 781 4080 19
798 4027 879 4094 atque
897 4026 1015 4079 securius
1033 4025 1071 4092 ΒΙ
1152 4029 1188 4091 26
1205 4032 1330 4083 naturam

204 4105 232 4158 B
249 4121 270 4160 s.
289 4107 306 4161 l.
409 4125 476 4178 quae
499 4125 532 4163 ea
555 4125 608 4178 qua
629 4110 656 4164 A
674 4125 743 4166 corr.
761 4116 829 4165 nal
934 4112 968 4166 26
992 4128 1116 4167 muneras
1136 4114 1185 4167 aad
1202 4130 1218 4168 a
1231 4122 1330 4182 punct.

204 4192 231 4244 A
334 4193 369 4248 28
387 4195 566 4264 corrumpitur
583 4195 609 4249 Β
925 4258 926 4262 1
1145 4217 1147 4223 ’
