3076 4764
554 976 962 1090 servilii

268 1214 340 1311 DII
373 1211 801 1314 dvssaauduloud
831 1209 925 1311 bul
956 1211 1102 1311 LIBRI
1133 1211 1247 1310 VIII.

621 1645 905 1730 PRAEFATIO.

246 1850 358 1917 Sancto
381 1852 521 1934 episcopo
546 1853 670 1919 Salonio
693 1853 859 1920 Saluianus
882 1854 1015 1918 salutem
1037 1853 1070 1917 In
1094 1855 1227 1920 domino.
1336 1858 1353 1920 1

181 1995 194 2035 ⁵
246 1969 360 2036 Omnes
383 1973 548 2038 admodum
576 1974 731 2053 homines,
761 1974 815 2058 qui
840 1974 996 2058 pertinere
1020 1975 1059 2039 ad
1080 1974 1210 2040 humani
1232 1973 1326 2041 officii

204 2075 358 2139 culturam
381 2075 613 2153 existimarunt,
644 2079 680 2142 ut
702 2078 826 2160 aliquod
848 2077 1029 2160 linguarum
1051 2094 1127 2159 opus
1149 2078 1253 2143 studio
1276 2079 1326 2142 in·

204 2180 365 2260 geniorum
394 2179 596 2258 excuderent,
626 2180 660 2244 id
682 2179 812 2261 speciali
843 2197 916 2244 cura
946 2179 1145 2245 elaborarunt
1176 2181 1227 2259 ut,
1259 2180 1325 2245 siue

204 2280 299 2345 utiles
323 2299 372 2344 res
388 2299 424 2346 ac
438 2285 548 2364 probas
570 2283 636 2347 siue
659 2284 787 2348 inutiles
809 2287 901 2365 atque
916 2281 1073 2366 improbas
1089 2282 1163 2348 stilo
1178 2285 1325 2360 texerent,

205 2384 315 2448 seriem
345 2385 470 2448 tantum
499 2403 602 2450 rerum
633 2387 734 2451 nitore
755 2387 920 2451 uerborum
942 2386 1145 2450 inlustrarent
1167 2386 1328 2468 causisque

172 2509 198 2548 ιο
206 2486 283 2569 ipsis
314 2505 389 2570 quas
419 2489 504 2570 loqui
533 2488 652 2554 uellent
673 2488 826 2571 loquendo
849 2489 952 2553 lucem
975 2489 1186 2552 accenderent.
1223 2488 1328 2571 itaquo

208 2590 247 2653 ad
270 2589 349 2654 banc
371 2607 403 2654 se
432 2590 553 2672 partem
584 2612 620 2656 ex
650 2594 781 2675 utroque
811 2610 922 2674 genere
953 2591 1131 2657 litterarum
1162 2592 1328 2675 scriptores

208 2695 415 2761 mundialium
444 2696 639 2777 negotiorum
668 2695 795 2778 plurimi
826 2695 1040 2778 contulemnt,
1071 2694 1233 2761 nonsatis
1257 2713 1330 2760 oon·

209 2799 396 2877 adorantes,
419 2817 511 2880 quam
535 2798 746 2881 probabilibus
769 2799 909 2864 materiis
930 2818 963 2864 se
985 2800 1216 2883 impenderent,
1240 2799 1331 2862 dum-

262 3037 340 3091 1-4
366 3036 398 3090 In
420 3037 471 3092 hoc
496 3037 583 3092 codice
609 3039 779 3092 continentur
804 3038 889 3093 sancti
912 3039 1033 3092 Saluiani
1057 3039 1171 3107 episcopi
1195 3037 1258 3091 libri
1283 3053 1331 3090 nu-

209 3138 282 3177 mero
304 3125 364 3177 octo
388 3122 446 3177 dati
468 3123 502 3177 ad
526 3126 648 3180 sanctum
664 3124 801 3179 Salonium
826 3125 984 3193 episcopum.
1014 3123 1054 3177 De
1073 3123 1264 3193 gubernatione
1281 3122 1333 3176 dei.

211 3208 311 3277 Incipit
337 3208 406 3262 liber
434 3209 535 3278 primus
565 3212 658 3265 sancto
685 3211 804 3280 episcopo
835 3211 876 3277 (ia
902 3225 989 3278 marc.
1016 3208 1123 3263 Salonio
1150 3207 1216 3262 add.
1244 3224 1278 3262 m.
1302 3211 1332 3274 2)

212 3295 353 3349 Saluianus
371 3295 399 3349 in
418 3294 524 3350 domino
542 3298 678 3367 episcopus
696 3297 816 3352 salutem.
843 3296 939 3351 Omnes
958 3295 1101 3349 admodum
1119 3300 1167 3350 etc.
1185 3295 1225 3358 133
1249 3310 1333 3362 prae-

212 3388 288 3437 terea
313 3383 345 3436 ia
370 3383 461 3438 eodem
487 3383 544 3439 cod
573 3383 681 3439 adiecta
706 3389 771 3438 scat
796 3384 876 3438 baec.-
910 3383 948 3437 Do
977 3383 1050 3436 iusto
1079 3381 1122 3435 dei
1150 3381 1335 3450 praesentique

213 3467 313 3522 indicio
339 3468 473 3541 incipiunt
499 3469 601 3541 dialogi
629 3470 794 3540 disputantis
812 3472 889 3538 (uoce
907 3469 1071 3538 disputantis
1089 3484 1110 3523 a.
1128 3469 1147 3522 1.
1166 3466 1256 3536 add.);
1286 3465 1335 3520 sed

213 3556 323 3625 ciperon
346 3555 482 3626 quoddam
500 3573 534 3612 m.
552 3559 572 3612 2
595 3557 735 3626 1111111111
756 3557 822 3612 baec
845 3557 932 3611 uerba
944 3561 1010 3625 post
1024 3553 1230 3624 praefationem
1248 3553 1336 3608 locam

214 3657 295 3695 suam
316 3641 414 3696 babere
436 3642 555 3710 iudicat,
578 3644 625 3698 abi
647 3642 740 3697 eadem
758 3643 889 3697 almucia
906 3641 934 3695 A
950 3641 1086 3710 reperatur.
1119 3638 1244 3694 Ceteram
1261 3639 1292 3693 ia
1309 3640 1336 3694 A

215 3727 290 3782 deest
307 3729 453 3797 descriptio
470 3730 560 3798 operis
578 3734 604 3784 et
616 3728 760 3798 praefatio
777 3744 862 3798 aeque
880 3727 917 3782 ad
934 3727 1036 3782 uerba:
1063 3724 1111 3778 Sin
1130 3727 1219 3779 autem
1238 3725 1266 3778 id
1284 3741 1337 3779 non

216 3815 374 3882 prouenerit.
402 3816 447 3870 De
470 3817 535 3871 aliis
557 3817 783 3885 burdationibus
801 3818 889 3885 eispae
906 3812 1081 3882 interpolatis
1098 3810 1134 3877 cf.
1153 3826 1224 3879 qaae
1241 3811 1336 3879 dispa-

217 3903 338 3957 taaimas
366 3903 397 3956 ia
426 3902 714 3973 Sitaaaps·Beriebte
740 3902 789 3956 der
815 3902 841 3961 1.
868 3900 958 3956 Abcd.
985 3899 1011 3954 d.
1042 3898 1124 3953 Wiss.
1159 3898 1242 3953 Wiea
1268 3901 1338 3951 1881

214 4004 244 4056 p.
262 3992 349 4045 4a7
453 3990 469 4042 6
487 3989 651 4056 linguarum]
671 3988 808 4057 singulare
825 3988 894 4042 cocci.
913 3986 995 4041 Nolte
1012 3985 1043 4037 ia
1061 3983 1176 4038 Zeitscb.
1195 3984 1216 4048 f.
1238 3982 1281 4037 Oe.
1303 3981 1337 4036 (d.

216 4079 287 4129 1879
300 4079 412 4143 p.618;
430 4075 477 4130 sed
495 4075 530 4142 cf.
552 4074 614 4130 VII
621 4079 668 4129 16:
697 4075 852 4145 linguarum
871 4071 1012 4142 gymnasia
1029 4071 1073 4124 uel
1091 4085 1194 4123 morum
1213 4073 1240 4122 et
1258 4067 1337 4124 sita.-

217 4160 282 4214 Ber.
297 4177 328 4230 p.
348 4166 368 4216 8
469 4161 486 4215 9
508 4163 618 4215 tuntum
636 4176 702 4214 eras
721 4162 752 4214 ia
768 4161 796 4213 B

269 4264 347 4325 vm.
950 4219 961 4230 ’
1217 4259 1232 4311 1
