<?xml version="1.0" encoding="UTF-8"?>
<!DOCTYPE html PUBLIC "-//W3C//DTD XHTML 1.0 Transitional//EN"
    "http://www.w3.org/TR/xhtml1/DTD/xhtml1-transitional.dtd">
<html xmlns="http://www.w3.org/1999/xhtml" xml:lang="en" lang="en">
 <head>
  <title>
</title>
<meta http-equiv="Content-Type" content="text/html;charset=utf-8" />
  <meta name='ocr-system' content='tesseract 3.04.00' />
  <meta name='ocr-capabilities' content='ocr_page ocr_carea ocr_par ocr_line ocrx_word'/>
</head>
<body>
  <div class='ocr_page' id='page_1' title='image "./salvianipresbyt00salvgoog_0315.png"; bbox 0 0 3076 4764; ppageno 0'>
   <div class='ocr_carea' id='block_1_1' title="bbox 271 245 915 318">
    <p class='ocr_par' dir='ltr' id='par_1_1' title="bbox 271 245 915 318">
     <span class='ocr_line' id='line_1_1' title="bbox 271 245 915 318; baseline -0.008 -14"><span class='ocrx_word' id='word_1_1' title='bbox 271 250 334 318; x_wconf 78' lang='lat'>292</span> <span class='ocrx_word' id='word_1_2' title='bbox 758 245 915 300; x_wconf 76' lang='lat' dir='ltr'>Saluiani</span> 
     </span>
    </p>
   </div>
   <div class='ocr_carea' id='block_1_2' title="bbox 221 433 1435 1344">
    <p class='ocr_par' dir='ltr' id='par_1_2' title="bbox 221 433 1435 1344">
     <span class='ocr_line' id='line_1_2' title="bbox 271 433 1403 521; baseline -0.004 -17"><span class='ocrx_word' id='word_1_3' title='bbox 271 437 350 505; x_wconf 85' lang='lat' dir='ltr'>milri</span> <span class='ocrx_word' id='word_1_4' title='bbox 378 439 493 521; x_wconf 86' lang='lat' dir='ltr'>itaque,</span> <span class='ocrx_word' id='word_1_5' title='bbox 524 454 579 502; x_wconf 89' lang='lat' dir='ltr'>cur</span> <span class='ocrx_word' id='word_1_6' title='bbox 601 435 678 501; x_wconf 86' lang='lat' dir='ltr'>haec</span> <span class='ocrx_word' id='word_1_7' title='bbox 699 438 766 500; x_wconf 87' lang='lat' dir='ltr'>tam</span> <span class='ocrx_word' id='word_1_8' title='bbox 786 434 915 518; x_wconf 86' lang='lat' dir='ltr'>prouida</span> <span class='ocrx_word' id='word_1_9' title='bbox 937 433 971 498; x_wconf 94' lang='lat' dir='ltr'>in</span> <span class='ocrx_word' id='word_1_10' title='bbox 1000 435 1190 500; x_wconf 85' lang='lat' dir='ltr'>testamento</span> <span class='ocrx_word' id='word_1_11' title='bbox 1213 453 1317 515; x_wconf 85' lang='lat' dir='ltr'>canes,</span> <span class='ocrx_word' id='word_1_12' title='bbox 1345 455 1403 502; x_wconf 89' lang='lat' dir='ltr'>cur</span> 
     </span>
     <span class='ocr_line' id='line_1_3' title="bbox 272 537 1404 623; baseline -0.003 -16"><span class='ocrx_word' id='word_1_13' title='bbox 272 548 338 608; x_wconf 91' lang='lat' dir='ltr'>tam</span> <span class='ocrx_word' id='word_1_14' title='bbox 371 540 507 607; x_wconf 89' lang='lat' dir='ltr'>sollicite</span> <span class='ocrx_word' id='word_1_15' title='bbox 541 557 577 605; x_wconf 90' lang='lat' dir='ltr'>ac</span> <span class='ocrx_word' id='word_1_16' title='bbox 611 541 780 621; x_wconf 88' lang='lat' dir='ltr'>prudenter</span> <span class='ocrx_word' id='word_1_17' title='bbox 816 537 1000 603; x_wconf 76' lang='lat' dir='ltr'>interseris?</span> <span class='ocrx_word' id='word_1_18' title='bbox 1036 537 1153 620; x_wconf 86' lang='lat' dir='ltr'>absque</span> <span class='ocrx_word' id='word_1_19' title='bbox 1185 537 1295 617; x_wconf 91' lang='lat' dir='ltr'>dubio,</span> <span class='ocrx_word' id='word_1_20' title='bbox 1330 541 1404 623; x_wconf 87' lang='lat' dir='ltr'>qnia</span> 
     </span>
     <span class='ocr_line' id='line_1_4' title="bbox 272 640 1401 723; baseline 0 -15"><span class='ocrx_word' id='word_1_21' title='bbox 272 645 481 710; x_wconf 89' lang='lat' dir='ltr'>necessariam</span> <span class='ocrx_word' id='word_1_22' title='bbox 504 641 572 720; x_wconf 86' lang='lat' dir='ltr'>tibi,</span> <span class='ocrx_word' id='word_1_23' title='bbox 595 644 671 708; x_wconf 92' lang='lat' dir='ltr'>dnm</span> <span class='ocrx_word' id='word_1_24' title='bbox 693 640 787 719; x_wconf 84' lang='lat' dir='ltr'>uiuis,</span> <span class='ocrx_word' id='word_1_25' title='bbox 810 659 876 705; x_wconf 89' lang='lat' dir='ltr'>rem</span> <span class='ocrx_word' id='word_1_26' title='bbox 898 640 987 705; x_wconf 89' lang='lat' dir='ltr'>tuam</span> <span class='ocrx_word' id='word_1_27' title='bbox 1007 641 1138 718; x_wconf 87' lang='lat' dir='ltr'>iudicas,</span> <span class='ocrx_word' id='word_1_28' title='bbox 1167 642 1241 723; x_wconf 88' lang='lat' dir='ltr'>quia</span> <span class='ocrx_word' id='word_1_29' title='bbox 1263 641 1401 708; x_wconf 82' lang='lat' dir='ltr'>alienare</span> 
     </span>
     <span class='ocr_line' id='line_1_5' title="bbox 271 742 1404 827; baseline -0.001 -15"><span class='ocrx_word' id='word_1_30' title='bbox 271 749 304 812; x_wconf 86' lang='lat' dir='ltr'>te</span> <span class='ocrx_word' id='word_1_31' title='bbox 326 745 531 814; x_wconf 83' lang='lat' dir='ltr'>facultatibus</span> <span class='ocrx_word' id='word_1_32' title='bbox 554 747 617 810; x_wconf 88' lang='lat' dir='ltr'>tuis</span> <span class='ocrx_word' id='word_1_33' title='bbox 639 763 699 810; x_wconf 90' lang='lat' dir='ltr'>uon</span> <span class='ocrx_word' id='word_1_34' title='bbox 721 744 771 809; x_wconf 87' lang='lat' dir='ltr'>uis</span> <span class='ocrx_word' id='word_1_35' title='bbox 794 744 827 809; x_wconf 93' lang='lat' dir='ltr'>et</span> <span class='ocrx_word' id='word_1_36' title='bbox 848 742 1083 826; x_wconf 89' lang='lat' dir='ltr'>iniquissimum</span> <span class='ocrx_word' id='word_1_37' title='bbox 1104 745 1198 827; x_wconf 84' lang='lat' dir='ltr'>putas</span> <span class='ocrx_word' id='word_1_38' title='bbox 1220 746 1292 811; x_wconf 93' lang='lat' dir='ltr'>uiuo</span> <span class='ocrx_word' id='word_1_39' title='bbox 1316 751 1348 811; x_wconf 92' lang='lat' dir='ltr'>te</span> <span class='ocrx_word' id='word_1_40' title='bbox 1371 747 1404 810; x_wconf 90' lang='lat' dir='ltr'>et</span> 
     </span>
     <span class='ocr_line' id='line_1_6' title="bbox 272 845 1435 930; baseline -0.006 -14"><span class='ocrx_word' id='word_1_41' title='bbox 272 850 422 916; x_wconf 89' lang='lat' dir='ltr'>incolumi</span> <span class='ocrx_word' id='word_1_42' title='bbox 452 848 552 914; x_wconf 92' lang='lat' dir='ltr'>alium</span> <span class='ocrx_word' id='word_1_43' title='bbox 573 852 629 912; x_wconf 93' lang='lat' dir='ltr'>tuo</span> <span class='ocrx_word' id='word_1_44' title='bbox 651 846 783 913; x_wconf 88' lang='lat' dir='ltr'>diuitem</span> <span class='ocrx_word' id='word_1_45' title='bbox 810 845 887 930; x_wconf 87' lang='lat' dir='ltr'>fieri,</span> <span class='ocrx_word' id='word_1_46' title='bbox 918 850 950 911; x_wconf 90' lang='lat' dir='ltr'>te</span> <span class='ocrx_word' id='word_1_47' title='bbox 972 850 1079 912; x_wconf 87' lang='lat' dir='ltr'>autem</span> <span class='ocrx_word' id='word_1_48' title='bbox 1101 846 1305 914; x_wconf 89' lang='lat' dir='ltr'>mendicitate</span> <span class='ocrx_word' id='word_1_49' title='bbox 1328 867 1435 914; x_wconf 76' lang='lat' dir='ltr'>oon-⁵</span> 
     </span>
     <span class='ocr_line' id='line_1_7' title="bbox 272 950 1402 1034; baseline -0.002 -15"><span class='ocrx_word' id='word_1_50' title='bbox 272 953 364 1019; x_wconf 86' lang='lat' dir='ltr'>sumi</span> <span class='ocrx_word' id='word_1_51' title='bbox 394 972 505 1019; x_wconf 91' lang='lat' dir='ltr'>uerum</span> <span class='ocrx_word' id='word_1_52' title='bbox 527 953 577 1016; x_wconf 90' lang='lat' dir='ltr'>est</span> <span class='ocrx_word' id='word_1_53' title='bbox 599 969 656 1016; x_wconf 89' lang='lat' dir='ltr'>nec</span> <span class='ocrx_word' id='word_1_54' title='bbox 677 950 931 1016; x_wconf 76' lang='lat' dir='ltr'>inrationabilem</span> <span class='ocrx_word' id='word_1_55' title='bbox 946 962 1052 1016; x_wconf 82' lang='lat' dir='ltr'>curam</span> <span class='ocrx_word' id='word_1_56' title='bbox 1068 950 1179 1029; x_wconf 83' lang='lat' dir='ltr'>abnuo,</span> <span class='ocrx_word' id='word_1_57' title='bbox 1202 952 1236 1016; x_wconf 89' lang='lat' dir='ltr'>et</span> <span class='ocrx_word' id='word_1_58' title='bbox 1250 951 1402 1034; x_wconf 90' lang='lat' dir='ltr'>quidquid</span> 
     </span>
     <span class='ocr_line' id='line_1_8' title="bbox 272 1051 1403 1135; baseline -0.002 -13"><span class='ocrx_word' id='word_1_59' title='bbox 272 1060 345 1122; x_wconf 86' lang='lat' dir='ltr'>ate</span> <span class='ocrx_word' id='word_1_60' title='bbox 367 1056 401 1121; x_wconf 95' lang='lat' dir='ltr'>in</span> <span class='ocrx_word' id='word_1_61' title='bbox 423 1056 506 1121; x_wconf 90' lang='lat' dir='ltr'>hunc</span> <span class='ocrx_word' id='word_1_62' title='bbox 528 1054 656 1120; x_wconf 92' lang='lat' dir='ltr'>modum</span> <span class='ocrx_word' id='word_1_63' title='bbox 685 1053 801 1121; x_wconf 89' lang='lat' dir='ltr'>dicitur</span> <span class='ocrx_word' id='word_1_64' title='bbox 830 1051 936 1135; x_wconf 88' lang='lat' dir='ltr'>probo.</span> <span class='ocrx_word' id='word_1_65' title='bbox 973 1054 1084 1119; x_wconf 89' lang='lat' dir='ltr'>sedin</span> <span class='ocrx_word' id='word_1_66' title='bbox 1111 1074 1171 1120; x_wconf 91' lang='lat' dir='ltr'>uno</span> <span class='ocrx_word' id='word_1_67' title='bbox 1193 1056 1300 1120; x_wconf 85' lang='lat' dir='ltr'>tamen</span> <span class='ocrx_word' id='word_1_68' title='bbox 1321 1055 1403 1120; x_wconf 88' lang='lat' dir='ltr'>mihi</span> 
     </span>
     <span class='ocr_line' id='line_1_9' title="bbox 221 1156 1403 1241; baseline -0.001 -17"><span class='ocrx_word' id='word_1_69' title='bbox 221 1157 350 1225; x_wconf 80' lang='lat' dir='ltr'>dSsetis</span> <span class='ocrx_word' id='word_1_70' title='bbox 371 1157 440 1224; x_wconf 85' lang='lat' dir='ltr'>fieri</span> <span class='ocrx_word' id='word_1_71' title='bbox 461 1176 481 1223; x_wconf 86' lang='lat' dir='ltr'>a</span> <span class='ocrx_word' id='word_1_72' title='bbox 501 1161 533 1222; x_wconf 89' lang='lat' dir='ltr'>te</span> <span class='ocrx_word' id='word_1_73' title='bbox 556 1157 656 1240; x_wconf 88' lang='lat' dir='ltr'>cupio.</span> <span class='ocrx_word' id='word_1_74' title='bbox 690 1156 767 1239; x_wconf 92' lang='lat' dir='ltr'>qnid</span> <span class='ocrx_word' id='word_1_75' title='bbox 790 1157 934 1239; x_wconf 90' lang='lat' dir='ltr'>estquod</span> <span class='ocrx_word' id='word_1_76' title='bbox 956 1158 1002 1241; x_wconf 85' lang='lat' dir='ltr'>tu,</span> <span class='ocrx_word' id='word_1_77' title='bbox 1025 1157 1080 1239; x_wconf 92' lang='lat' dir='ltr'>qui</span> <span class='ocrx_word' id='word_1_78' title='bbox 1101 1156 1161 1221; x_wconf 92' lang='lat' dir='ltr'>tibi</span> <span class='ocrx_word' id='word_1_79' title='bbox 1184 1176 1276 1222; x_wconf 90' lang='lat' dir='ltr'>usum</span> <span class='ocrx_word' id='word_1_80' title='bbox 1297 1177 1403 1223; x_wconf 89' lang='lat' dir='ltr'>rerum</span> 
     </span>
     <span class='ocr_line' id='line_1_10' title="bbox 272 1258 1402 1344; baseline -0.001 -17"><span class='ocrx_word' id='word_1_81' title='bbox 272 1264 399 1328; x_wconf 86' lang='lat' dir='ltr'>tuarum</span> <span class='ocrx_word' id='word_1_82' title='bbox 422 1262 586 1342; x_wconf 87' lang='lat' dir='ltr'>tantopere</span> <span class='ocrx_word' id='word_1_83' title='bbox 607 1260 816 1325; x_wconf 86' lang='lat' dir='ltr'>necessarium</span> <span class='ocrx_word' id='word_1_84' title='bbox 838 1262 940 1344; x_wconf 85' lang='lat' dir='ltr'>putas,</span> <span class='ocrx_word' id='word_1_85' title='bbox 962 1258 1083 1325; x_wconf 83' lang='lat' dir='ltr'>fructus</span> <span class='ocrx_word' id='word_1_86' title='bbox 1101 1280 1138 1326; x_wconf 90' lang='lat' dir='ltr'>ac</span> <span class='ocrx_word' id='word_1_87' title='bbox 1159 1261 1279 1327; x_wconf 87' lang='lat' dir='ltr'>reditus</span> <span class='ocrx_word' id='word_1_88' title='bbox 1301 1261 1402 1328; x_wconf 81' lang='lat' dir='ltr'>tacul-</span> 
     </span>
    </p>
   </div>
   <div class='ocr_carea' id='block_1_3' title="bbox 189 1363 1441 1969">
    <p class='ocr_par' dir='ltr' id='par_1_3' title="bbox 272 1363 1439 1758">
     <span class='ocr_line' id='line_1_11' title="bbox 272 1363 1439 1448; baseline -0.001 -18"><span class='ocrx_word' id='word_1_89' title='bbox 272 1366 351 1432; x_wconf 91' lang='lat' dir='ltr'>tatis</span> <span class='ocrx_word' id='word_1_90' title='bbox 384 1366 458 1430; x_wconf 87' lang='lat' dir='ltr'>tuae</span> <span class='ocrx_word' id='word_1_91' title='bbox 491 1367 561 1447; x_wconf 88' lang='lat' dir='ltr'>post</span> <span class='ocrx_word' id='word_1_92' title='bbox 595 1367 729 1428; x_wconf 87' lang='lat' dir='ltr'>mortem</span> <span class='ocrx_word' id='word_1_93' title='bbox 761 1363 951 1428; x_wconf 87' lang='lat' dir='ltr'>necessarios</span> <span class='ocrx_word' id='word_1_94' title='bbox 981 1381 1048 1428; x_wconf 91' lang='lat' dir='ltr'>esse</span> <span class='ocrx_word' id='word_1_95' title='bbox 1078 1383 1142 1429; x_wconf 94' lang='lat' dir='ltr'>non</span> <span class='ocrx_word' id='word_1_96' title='bbox 1170 1366 1288 1448; x_wconf 78' lang='lat' dir='ltr'>putas?</span> <span class='ocrx_word' id='word_1_97' title='bbox 1324 1366 1439 1430; x_wconf 67' lang='lat' dir='ltr'>dicum</span> 
     </span>
     <span class='ocr_line' id='line_1_12' title="bbox 273 1466 1404 1552; baseline 0 -18"><span class='ocrx_word' id='word_1_98' title='bbox 273 1467 391 1552; x_wconf 86' lang='lat' dir='ltr'>absque</span> <span class='ocrx_word' id='word_1_99' title='bbox 421 1467 527 1552; x_wconf 90' lang='lat' dir='ltr'>dubio,</span> <span class='ocrx_word' id='word_1_100' title='bbox 558 1468 631 1550; x_wconf 91' lang='lat' dir='ltr'>quia</span> <span class='ocrx_word' id='word_1_101' title='bbox 660 1468 784 1532; x_wconf 91' lang='lat' dir='ltr'>mortuo</span> <span class='ocrx_word' id='word_1_102' title='bbox 813 1466 894 1531; x_wconf 89' lang='lat' dir='ltr'>nihil</span> <span class='ocrx_word' id='word_1_103' title='bbox 923 1485 1000 1549; x_wconf 89' lang='lat' dir='ltr'>opus</span> <span class='ocrx_word' id='word_1_104' title='bbox 1027 1470 1075 1532; x_wconf 91' lang='lat' dir='ltr'>est</span> <span class='ocrx_word' id='word_1_105' title='bbox 1098 1486 1155 1533; x_wconf 91' lang='lat' dir='ltr'>uec</span> <span class='ocrx_word' id='word_1_106' title='bbox 1176 1470 1404 1534; x_wconf 88' lang='lat' dir='ltr'>reseruandum</span> 
     </span>
     <span class='ocr_line' id='line_1_13' title="bbox 273 1569 1405 1654; baseline 0.001 -18"><span class='ocrx_word' id='word_1_107' title='bbox 273 1571 352 1636; x_wconf 91' lang='lat' dir='ltr'>mihi</span> <span class='ocrx_word' id='word_1_108' title='bbox 383 1572 552 1654; x_wconf 80' lang='lat' dir='ltr'>quidquam</span> <span class='ocrx_word' id='word_1_109' title='bbox 575 1570 610 1636; x_wconf 94' lang='lat' dir='ltr'>in</span> <span class='ocrx_word' id='word_1_110' title='bbox 631 1573 755 1653; x_wconf 88' lang='lat' dir='ltr'>tempus</span> <span class='ocrx_word' id='word_1_111' title='bbox 785 1569 865 1635; x_wconf 94' lang='lat' dir='ltr'>illud</span> <span class='ocrx_word' id='word_1_112' title='bbox 888 1574 945 1648; x_wconf 89' lang='lat' dir='ltr'>est,</span> <span class='ocrx_word' id='word_1_113' title='bbox 976 1572 1050 1654; x_wconf 88' lang='lat' dir='ltr'>quia</span> <span class='ocrx_word' id='word_1_114' title='bbox 1073 1571 1241 1637; x_wconf 83' lang='lat' dir='ltr'>defunctus</span> <span class='ocrx_word' id='word_1_115' title='bbox 1262 1590 1300 1638; x_wconf 91' lang='lat' dir='ltr'>ac</span> <span class='ocrx_word' id='word_1_116' title='bbox 1321 1571 1405 1637; x_wconf 91' lang='lat' dir='ltr'>nihil</span> 
     </span>
     <span class='ocr_line' id='line_1_14' title="bbox 274 1672 1403 1758; baseline 0.002 -19"><span class='ocrx_word' id='word_1_117' title='bbox 274 1675 411 1739; x_wconf 90' lang='lat' dir='ltr'>sentiens</span> <span class='ocrx_word' id='word_1_118' title='bbox 434 1692 491 1741; x_wconf 86' lang='lat' dir='ltr'>nee</span> <span class='ocrx_word' id='word_1_119' title='bbox 512 1672 662 1738; x_wconf 90' lang='lat' dir='ltr'>delectari</span> <span class='ocrx_word' id='word_1_120' title='bbox 676 1691 802 1756; x_wconf 90' lang='lat' dir='ltr'>possum</span> <span class='ocrx_word' id='word_1_121' title='bbox 817 1673 1012 1754; x_wconf 83' lang='lat' dir='ltr'>possessione</span> <span class='ocrx_word' id='word_1_122' title='bbox 1027 1694 1131 1740; x_wconf 89' lang='lat' dir='ltr'>rerum</span> <span class='ocrx_word' id='word_1_123' title='bbox 1146 1694 1287 1741; x_wconf 86' lang='lat' dir='ltr'>mearum</span> <span class='ocrx_word' id='word_1_124' title='bbox 1302 1695 1403 1758; x_wconf 89' lang='lat' dir='ltr'>neque</span> 
     </span>
    </p>

    <p class='ocr_par' dir='ltr' id='par_1_4' title="bbox 189 1774 1441 1969">
     <span class='ocr_line' id='line_1_15' title="bbox 189 1774 1403 1862; baseline -0.003 -16"><span class='ocrx_word' id='word_1_125' title='bbox 189 1820 193 1826; x_wconf 89' lang='lat'>·</span> <span class='ocrx_word' id='word_1_126' title='bbox 224 1779 266 1846; x_wconf 85' lang='grc'>69</span> <span class='ocrx_word' id='word_1_127' title='bbox 276 1777 443 1842; x_wconf 86' lang='lat' dir='ltr'>amissione</span> <span class='ocrx_word' id='word_1_128' title='bbox 473 1774 613 1842; x_wconf 88' lang='lat' dir='ltr'>cruciari.</span> <span class='ocrx_word' id='word_1_129' title='bbox 653 1777 779 1842; x_wconf 90' lang='lat' dir='ltr'>euidens</span> <span class='ocrx_word' id='word_1_130' title='bbox 809 1794 902 1842; x_wconf 87' lang='lat' dir='ltr'>causa</span> <span class='ocrx_word' id='word_1_131' title='bbox 931 1778 987 1841; x_wconf 90' lang='lat' dir='ltr'>est.</span> <span class='ocrx_word' id='word_1_132' title='bbox 1026 1796 1099 1862; x_wconf 82' lang='lat' dir='ltr'>ergo</span> <span class='ocrx_word' id='word_1_133' title='bbox 1129 1779 1244 1844; x_wconf 90' lang='lat' dir='ltr'>idcirco</span> <span class='ocrx_word' id='word_1_134' title='bbox 1266 1778 1403 1844; x_wconf 88' lang='lat' dir='ltr'>moriens</span> 
     </span>
     <span class='ocr_line' id='line_1_16' title="bbox 275 1879 1441 1969; baseline 0.002 -23"><span class='ocrx_word' id='word_1_135' title='bbox 275 1879 484 1946; x_wconf 85' lang='lat' dir='ltr'>substantiam</span> <span class='ocrx_word' id='word_1_136' title='bbox 517 1883 605 1945; x_wconf 89' lang='lat' dir='ltr'>tuam</span> <span class='ocrx_word' id='word_1_137' title='bbox 639 1880 730 1944; x_wconf 89' lang='lat' dir='ltr'>alteri</span> <span class='ocrx_word' id='word_1_138' title='bbox 756 1882 899 1969; x_wconf 87' lang='lat' dir='ltr'>deputas,</span> <span class='ocrx_word' id='word_1_139' title='bbox 934 1881 1008 1963; x_wconf 87' lang='lat' dir='ltr'>quia</span> <span class='ocrx_word' id='word_1_140' title='bbox 1035 1900 1144 1964; x_wconf 87' lang='lat' dir='ltr'>capere</span> <span class='ocrx_word' id='word_1_141' title='bbox 1166 1902 1201 1947; x_wconf 86' lang='lat' dir='ltr'>ex</span> <span class='ocrx_word' id='word_1_142' title='bbox 1223 1900 1260 1946; x_wconf 86' lang='lat' dir='ltr'>ea</span> <span class='ocrx_word' id='word_1_143' title='bbox 1282 1881 1441 1948; x_wconf 77' lang='lat' dir='ltr'>fructusm</span> 
     </span>
    </p>
   </div>
   <div class='ocr_carea' id='block_1_4' title="bbox 275 1969 1444 3098">
    <p class='ocr_par' dir='ltr' id='par_1_5' title="bbox 275 1969 1444 3098">
     <span class='ocr_line' id='line_1_17' title="bbox 275 1969 1405 2068; baseline 0 -19"><span class='ocrx_word' id='word_1_144' title='bbox 275 1986 345 2067; x_wconf 84' lang='lat' dir='ltr'>post</span> <span class='ocrx_word' id='word_1_145' title='bbox 374 1969 507 2049; x_wconf 83' lang='lat' dir='ltr'>mortem‘</span> <span class='ocrx_word' id='word_1_146' title='bbox 536 1983 603 2065; x_wconf 88' lang='lat' dir='ltr'>ipse</span> <span class='ocrx_word' id='word_1_147' title='bbox 633 2001 695 2049; x_wconf 93' lang='lat' dir='ltr'>non</span> <span class='ocrx_word' id='word_1_148' title='bbox 724 1974 833 2067; x_wconf 82' lang='lat' dir='ltr'>possis.</span> <span class='ocrx_word' id='word_1_149' title='bbox 872 1984 926 2049; x_wconf 91' lang='lat' dir='ltr'>sed</span> <span class='ocrx_word' id='word_1_150' title='bbox 955 1984 1040 2068; x_wconf 90' lang='lat' dir='ltr'>quid,</span> <span class='ocrx_word' id='word_1_151' title='bbox 1072 1988 1152 2067; x_wconf 89' lang='lat' dir='ltr'>quod</span> <span class='ocrx_word' id='word_1_152' title='bbox 1180 1984 1405 2050; x_wconf 88' lang='lat' dir='ltr'>electissimum</span> 
     </span>
     <span class='ocr_line' id='line_1_18' title="bbox 275 2085 1406 2172; baseline 0.002 -20"><span class='ocrx_word' id='word_1_153' title='bbox 275 2104 332 2152; x_wconf 91' lang='lat' dir='ltr'>uas</span> <span class='ocrx_word' id='word_1_154' title='bbox 356 2085 405 2151; x_wconf 89' lang='lat' dir='ltr'>dei</span> <span class='ocrx_word' id='word_1_155' title='bbox 426 2087 583 2170; x_wconf 86' lang='lat' dir='ltr'>apostolus</span> <span class='ocrx_word' id='word_1_156' title='bbox 605 2087 723 2152; x_wconf 87' lang='lat' dir='ltr'>Paulus</span> <span class='ocrx_word' id='word_1_157' title='bbox 746 2085 931 2152; x_wconf 85' lang='lat' dir='ltr'>testificatm</span> <span class='ocrx_word' id='word_1_158' title='bbox 953 2090 986 2152; x_wconf 92' lang='lat' dir='ltr'>et</span> <span class='ocrx_word' id='word_1_159' title='bbox 1012 2088 1139 2168; x_wconf 87' lang='lat' dir='ltr'>clamat,</span> <span class='ocrx_word' id='word_1_160' title='bbox 1176 2090 1258 2171; x_wconf 90' lang='lat' dir='ltr'>quod</span> <span class='ocrx_word' id='word_1_161' title='bbox 1291 2107 1406 2172; x_wconf 86' lang='lat' dir='ltr'>quae·</span> 
     </span>
     <span class='ocr_line' id='line_1_19' title="bbox 277 2188 1407 2276; baseline 0 -20"><span class='ocrx_word' id='word_1_162' title='bbox 277 2209 437 2274; x_wconf 89' lang='lat' dir='ltr'>cumque</span> <span class='ocrx_word' id='word_1_163' title='bbox 466 2189 577 2255; x_wconf 92' lang='lat' dir='ltr'>homo</span> <span class='ocrx_word' id='word_1_164' title='bbox 607 2192 647 2255; x_wconf 93' lang='lat' dir='ltr'>in</span> <span class='ocrx_word' id='word_1_165' title='bbox 676 2188 761 2255; x_wconf 86' lang='lat' dir='ltr'>uita</span> <span class='ocrx_word' id='word_1_166' title='bbox 790 2191 861 2255; x_wconf 86' lang='lat' dir='ltr'>hac</span> <span class='ocrx_word' id='word_1_167' title='bbox 889 2193 1166 2276; x_wconf 85' lang='lat' dir='ltr'>seminauerit‚</span> <span class='ocrx_word' id='word_1_168' title='bbox 1200 2193 1292 2257; x_wconf 88' lang='lat' dir='ltr'>haee</span> <span class='ocrx_word' id='word_1_169' title='bbox 1315 2193 1407 2274; x_wconf 88' lang='lat' dir='ltr'>post</span> 
     </span>
     <span class='ocr_line' id='line_1_20' title="bbox 277 2294 1405 2377; baseline 0.001 -19"><span class='ocrx_word' id='word_1_170' title='bbox 277 2297 439 2359; x_wconf 89' lang='lat' dir='ltr'>mortem</span> <span class='ocrx_word' id='word_1_171' title='bbox 462 2296 601 2373; x_wconf 86' lang='lat' dir='ltr'>metat,</span> <span class='ocrx_word' id='word_1_172' title='bbox 625 2295 744 2376; x_wconf 90' lang='lat' dir='ltr'>etqui</span> <span class='ocrx_word' id='word_1_173' title='bbox 763 2294 1062 2375; x_wconf 87' lang='lat' dir='ltr'>parceseminat</span> <span class='ocrx_word' id='word_1_174' title='bbox 1079 2314 1194 2377; x_wconf 89' lang='lat' dir='ltr'>parce</span> <span class='ocrx_word' id='word_1_175' title='bbox 1210 2297 1249 2360; x_wconf 89' lang='lat' dir='ltr'>et</span> <span class='ocrx_word' id='word_1_176' title='bbox 1270 2296 1405 2374; x_wconf 89' lang='lat' dir='ltr'>metat,</span> 
     </span>
     <span class='ocr_line' id='line_1_21' title="bbox 278 2396 1443 2482; baseline 0.001 -19"><span class='ocrx_word' id='word_1_177' title='bbox 278 2397 404 2482; x_wconf 90' lang='lat' dir='ltr'>etqui</span> <span class='ocrx_word' id='word_1_178' title='bbox 433 2399 602 2463; x_wconf 90' lang='lat' dir='ltr'>seminat</span> <span class='ocrx_word' id='word_1_179' title='bbox 624 2398 664 2462; x_wconf 95' lang='lat' dir='ltr'>in</span> <span class='ocrx_word' id='word_1_180' title='bbox 694 2396 973 2463; x_wconf 89' lang='lat' dir='ltr'>benedictione</span> <span class='ocrx_word' id='word_1_181' title='bbox 996 2417 1037 2462; x_wconf 86' lang='lat' dir='ltr'>er</span> <span class='ocrx_word' id='word_1_182' title='bbox 1066 2398 1344 2465; x_wconf 87' lang='lat' dir='ltr'>benedictione</span> <span class='ocrx_word' id='word_1_183' title='bbox 1367 2400 1443 2464; x_wconf 76' lang='lat' dir='ltr'>etio</span> 
     </span>
     <span class='ocr_line' id='line_1_22' title="bbox 277 2499 1407 2585; baseline 0.001 -20"><span class='ocrx_word' id='word_1_184' title='bbox 277 2502 410 2566; x_wconf 92' lang='lat' dir='ltr'>metat.</span> <span class='ocrx_word' id='word_1_185' title='bbox 449 2520 485 2567; x_wconf 84' lang='lat' dir='ltr'>ex</span> <span class='ocrx_word' id='word_1_186' title='bbox 514 2519 573 2583; x_wconf 91' lang='lat' dir='ltr'>quo</span> <span class='ocrx_word' id='word_1_187' title='bbox 603 2502 709 2584; x_wconf 85' lang='lat' dir='ltr'>aperte</span> <span class='ocrx_word' id='word_1_188' title='bbox 738 2499 882 2585; x_wconf 80' lang='lat' dir='ltr'>intellegi</span> <span class='ocrx_word' id='word_1_189' title='bbox 905 2502 1005 2566; x_wconf 89' lang='lat' dir='ltr'>uoluit</span> <span class='ocrx_word' id='word_1_190' title='bbox 1027 2519 1087 2580; x_wconf 86' lang='lat' dir='ltr'>eos,</span> <span class='ocrx_word' id='word_1_191' title='bbox 1119 2501 1172 2584; x_wconf 91' lang='lat' dir='ltr'>qui</span> <span class='ocrx_word' id='word_1_192' title='bbox 1193 2503 1352 2567; x_wconf 89' lang='lat' dir='ltr'>seminant</span> <span class='ocrx_word' id='word_1_193' title='bbox 1372 2501 1407 2566; x_wconf 92' lang='lat' dir='ltr'>in</span> 
     </span>
     <span class='ocr_line' id='line_1_23' title="bbox 277 2603 1405 2688; baseline 0.001 -20"><span class='ocrx_word' id='word_1_194' title='bbox 277 2605 429 2688; x_wconf 85' lang='lat' dir='ltr'>parcitate</span> <span class='ocrx_word' id='word_1_195' title='bbox 451 2603 698 2669; x_wconf 76' lang='lat' dir='ltr'>benedictionem</span> <span class='ocrx_word' id='word_1_196' title='bbox 722 2608 840 2669; x_wconf 88' lang='lat' dir='ltr'>metere</span> <span class='ocrx_word' id='word_1_197' title='bbox 861 2624 923 2670; x_wconf 93' lang='lat' dir='ltr'>non</span> <span class='ocrx_word' id='word_1_198' title='bbox 945 2622 1044 2687; x_wconf 85' lang='lat' dir='ltr'>posse.</span> <span class='ocrx_word' id='word_1_199' title='bbox 1083 2623 1154 2669; x_wconf 90' lang='lat' dir='ltr'>cum</span> <span class='ocrx_word' id='word_1_200' title='bbox 1177 2606 1260 2670; x_wconf 92' lang='lat' dir='ltr'>enim</span> <span class='ocrx_word' id='word_1_201' title='bbox 1282 2605 1405 2670; x_wconf 89' lang='lat' dir='ltr'>dicens:</span> 
     </span>
     <span class='ocr_line' id='line_1_24' title="bbox 278 2707 1405 2791; baseline 0.001 -20"><span class='ocrx_word' id='word_1_202' title='bbox 278 2707 332 2790; x_wconf 90' lang='lat' dir='ltr'>qui</span> <span class='ocrx_word' id='word_1_203' title='bbox 362 2724 452 2789; x_wconf 82' lang='lat' dir='ltr'>parce</span> <span class='ocrx_word' id='word_1_204' title='bbox 482 2708 616 2773; x_wconf 86' lang='lat' dir='ltr'>seminat</span> <span class='ocrx_word' id='word_1_205' title='bbox 646 2726 736 2789; x_wconf 88' lang='lat' dir='ltr'>parce</span> <span class='ocrx_word' id='word_1_206' title='bbox 763 2711 795 2772; x_wconf 92' lang='lat' dir='ltr'>et</span> <span class='ocrx_word' id='word_1_207' title='bbox 824 2711 933 2791; x_wconf 91' lang='lat' dir='ltr'>metet,</span> <span class='ocrx_word' id='word_1_208' title='bbox 968 2709 1001 2772; x_wconf 93' lang='lat' dir='ltr'>et</span> <span class='ocrx_word' id='word_1_209' title='bbox 1021 2708 1075 2790; x_wconf 92' lang='lat' dir='ltr'>qui</span> <span class='ocrx_word' id='word_1_210' title='bbox 1098 2707 1233 2773; x_wconf 91' lang='lat' dir='ltr'>seminat</span> <span class='ocrx_word' id='word_1_211' title='bbox 1255 2710 1288 2773; x_wconf 95' lang='lat' dir='ltr'>in</span> <span class='ocrx_word' id='word_1_212' title='bbox 1311 2710 1405 2775; x_wconf 91' lang='lat' dir='ltr'>bene-</span> 
     </span>
     <span class='ocr_line' id='line_1_25' title="bbox 279 2809 1405 2893; baseline 0.001 -19"><span class='ocrx_word' id='word_1_213' title='bbox 279 2810 413 2875; x_wconf 86' lang='lat' dir='ltr'>dictione</span> <span class='ocrx_word' id='word_1_214' title='bbox 447 2829 484 2874; x_wconf 84' lang='lat' dir='ltr'>ex</span> <span class='ocrx_word' id='word_1_215' title='bbox 517 2809 732 2876; x_wconf 90' lang='lat' dir='ltr'>benedictione</span> <span class='ocrx_word' id='word_1_216' title='bbox 765 2813 796 2874; x_wconf 93' lang='lat' dir='ltr'>et</span> <span class='ocrx_word' id='word_1_217' title='bbox 830 2813 938 2888; x_wconf 88' lang='lat' dir='ltr'>metet,</span> <span class='ocrx_word' id='word_1_218' title='bbox 973 2812 1135 2877; x_wconf 90' lang='lat' dir='ltr'>euidenter</span> <span class='ocrx_word' id='word_1_219' title='bbox 1168 2812 1276 2893; x_wconf 90' lang='lat' dir='ltr'>utique</span> <span class='ocrx_word' id='word_1_220' title='bbox 1309 2810 1405 2875; x_wconf 91' lang='lat' dir='ltr'>bone·</span> 
     </span>
     <span class='ocr_line' id='line_1_26' title="bbox 280 2912 1444 2997; baseline 0.002 -21"><span class='ocrx_word' id='word_1_221' title='bbox 280 2912 448 2977; x_wconf 90' lang='lat' dir='ltr'>dictionem</span> <span class='ocrx_word' id='word_1_222' title='bbox 470 2913 503 2977; x_wconf 92' lang='lat' dir='ltr'>in</span> <span class='ocrx_word' id='word_1_223' title='bbox 519 2913 585 2978; x_wconf 89' lang='lat' dir='ltr'>sola</span> <span class='ocrx_word' id='word_1_224' title='bbox 600 2913 738 2995; x_wconf 87' lang='lat' dir='ltr'>posuerit</span> <span class='ocrx_word' id='word_1_225' title='bbox 753 2912 911 2997; x_wconf 84' lang='lat' dir='ltr'>largitate,</span> <span class='ocrx_word' id='word_1_226' title='bbox 926 2913 1065 2979; x_wconf 88' lang='lat' dir='ltr'>ostendit</span> <span class='ocrx_word' id='word_1_227' title='bbox 1080 2932 1187 2996; x_wconf 85' lang='lat' dir='ltr'>parcos</span> <span class='ocrx_word' id='word_1_228' title='bbox 1203 2915 1407 2980; x_wconf 77' lang='lat' dir='ltr'>seminatores</span> <span class='ocrx_word' id='word_1_229' title='bbox 1417 2937 1444 2978; x_wconf 74' lang='lat' dir='ltr'>aa</span> 
     </span>
     <span class='ocr_line' id='line_1_27' title="bbox 281 3014 1188 3098; baseline 0.002 -18"><span class='ocrx_word' id='word_1_230' title='bbox 281 3014 515 3080; x_wconf 77' lang='lat' dir='ltr'>mendicitatem</span> <span class='ocrx_word' id='word_1_231' title='bbox 537 3016 640 3098; x_wconf 85' lang='lat' dir='ltr'>largos</span> <span class='ocrx_word' id='word_1_232' title='bbox 665 3014 912 3081; x_wconf 90' lang='lat' dir='ltr'>benedictionem</span> <span class='ocrx_word' id='word_1_233' title='bbox 935 3034 1002 3082; x_wconf 90' lang='lat' dir='ltr'>esse</span> <span class='ocrx_word' id='word_1_234' title='bbox 1024 3035 1188 3082; x_wconf 90' lang='lat' dir='ltr'>messuros.</span> 
     </span>
    </p>
   </div>
   <div class='ocr_carea' id='block_1_5' title="bbox 384 3217 572 3286">
    <p class='ocr_par' dir='ltr' id='par_1_6' title="bbox 384 3217 572 3286">
     <span class='ocr_line' id='line_1_28' title="bbox 384 3217 572 3286; baseline 0.011 -14"><span class='ocrx_word' id='word_1_235' title='bbox 384 3218 416 3272; x_wconf 83' lang='grc'>17</span> <span class='ocrx_word' id='word_1_236' title='bbox 435 3217 494 3273; x_wconf 80' lang='lat' dir='ltr'>Gal.</span> <span class='ocrx_word' id='word_1_237' title='bbox 513 3219 537 3286; x_wconf 85' lang='grc'>6,</span> <span class='ocrx_word' id='word_1_238' title='bbox 555 3220 572 3274; x_wconf 88' lang='grc'>8</span> 
     </span>
    </p>
   </div>
   <div class='ocr_carea' id='block_1_6' title="bbox 278 3391 1409 4064">
    <p class='ocr_par' dir='ltr' id='par_1_7' title="bbox 278 3391 1409 4064">
     <span class='ocr_line' id='line_1_29' title="bbox 335 3391 1409 3462; baseline 0.005 -18"><span class='ocrx_word' id='word_1_239' title='bbox 335 3391 349 3444; x_wconf 99' lang='grc'>1</span> <span class='ocrx_word' id='word_1_240' title='bbox 374 3405 451 3445; x_wconf 86' lang='lat' dir='ltr'>canes</span> <span class='ocrx_word' id='word_1_241' title='bbox 469 3407 504 3445; x_wconf 78' lang='lat' dir='ltr'>ec</span> <span class='ocrx_word' id='word_1_242' title='bbox 520 3392 593 3446; x_wconf 87' lang='lat' dir='ltr'>cauis</span> <span class='ocrx_word' id='word_1_243' title='bbox 611 3406 678 3445; x_wconf 79' lang='lat' dir='ltr'>corr.</span> <span class='ocrx_word' id='word_1_244' title='bbox 697 3407 731 3445; x_wconf 83' lang='lat' dir='ltr'>m.</span> <span class='ocrx_word' id='word_1_245' title='bbox 750 3395 768 3446; x_wconf 84' lang='lat'><strong><em>2</em></strong></span> <span class='ocrx_word' id='word_1_246' title='bbox 785 3393 841 3446; x_wconf 82' lang='lat' dir='ltr'>AB</span> <span class='ocrx_word' id='word_1_247' title='bbox 944 3393 961 3447; x_wconf 87' lang='lat'><strong>6</strong></span> <span class='ocrx_word' id='word_1_248' title='bbox 983 3392 1172 3448; x_wconf 84' lang='lat' dir='ltr'>rationabilem</span> <span class='ocrx_word' id='word_1_249' title='bbox 1191 3394 1217 3460; x_wconf 87' lang='lat' dir='ltr'>(b</span> <span class='ocrx_word' id='word_1_250' title='bbox 1234 3396 1270 3462; x_wconf 86' lang='lat' dir='ltr'>ct)</span> <span class='ocrx_word' id='word_1_251' title='bbox 1288 3393 1409 3449; x_wconf 80' lang='lat' dir='ltr'>Rittere-</span> 
     </span>
     <span class='ocr_line' id='line_1_30' title="bbox 281 3476 1408 3548; baseline 0.001 -15"><span class='ocrx_word' id='word_1_252' title='bbox 281 3477 377 3533; x_wconf 79' lang='lat' dir='ltr'>lmciue</span> <span class='ocrx_word' id='word_1_253' title='bbox 473 3477 487 3530; x_wconf 85' lang='grc'><strong>7</strong></span> <span class='ocrx_word' id='word_1_254' title='bbox 506 3476 573 3531; x_wconf 90' lang='lat' dir='ltr'>mihi</span> <span class='ocrx_word' id='word_1_255' title='bbox 591 3478 681 3530; x_wconf 90' lang='lat' dir='ltr'>tamen</span> <span class='ocrx_word' id='word_1_256' title='bbox 698 3477 785 3547; x_wconf 75' lang='lat' dir='ltr'>eiqoie</span> <span class='ocrx_word' id='word_1_257' title='bbox 802 3480 1025 3548; x_wconf 70' lang='lat' dir='ltr'>trmaepoeitiomb</span> <span class='ocrx_word' id='word_1_258' title='bbox 1043 3479 1147 3535; x_wconf 82' lang='lat' dir='ltr'>additia</span> <span class='ocrx_word' id='word_1_259' title='bbox 1164 3482 1191 3533; x_wconf 80' lang='lat' dir='ltr'><strong><em>A</em></strong></span> <span class='ocrx_word' id='word_1_260' title='bbox 1284 3478 1315 3534; x_wconf 83' lang='lat'>12</span> <span class='ocrx_word' id='word_1_261' title='bbox 1334 3479 1408 3548; x_wconf 89' lang='lat' dir='ltr'>quic·</span> 
     </span>
     <span class='ocr_line' id='line_1_31' title="bbox 282 3562 1407 3633; baseline 0.001 -16"><span class='ocrx_word' id='word_1_262' title='bbox 282 3579 362 3633; x_wconf 88' lang='lat' dir='ltr'>quam</span> <span class='ocrx_word' id='word_1_263' title='bbox 376 3564 435 3631; x_wconf 83' lang='lat' dir='ltr'>(eie)</span> <span class='ocrx_word' id='word_1_264' title='bbox 453 3563 509 3617; x_wconf 79' lang='lat' dir='ltr'>AB</span> <span class='ocrx_word' id='word_1_265' title='bbox 593 3563 665 3632; x_wconf 85' lang='lat' dir='ltr'>quia]</span> <span class='ocrx_word' id='word_1_266' title='bbox 683 3578 735 3632; x_wconf 90' lang='lat' dir='ltr'>quo</span> <span class='ocrx_word' id='word_1_267' title='bbox 753 3562 955 3620; x_wconf 76' lang='lat' dir='ltr'>Ritterebiceiae</span> <span class='ocrx_word' id='word_1_268' title='bbox 1045 3567 1077 3621; x_wconf 90' lang='grc'>16</span> <span class='ocrx_word' id='word_1_269' title='bbox 1095 3565 1301 3620; x_wconf 88' lang='lat' dir='ltr'>delectissimum</span> <span class='ocrx_word' id='word_1_270' title='bbox 1314 3580 1347 3618; x_wconf 82' lang='lat' dir='ltr'>ea</span> <span class='ocrx_word' id='word_1_271' title='bbox 1360 3565 1407 3619; x_wconf 89' lang='lat' dir='ltr'>dil.</span> 
     </span>
     <span class='ocr_line' id='line_1_32' title="bbox 281 3647 1409 3720; baseline 0.001 -17"><span class='ocrx_word' id='word_1_272' title='bbox 281 3664 350 3704; x_wconf 80' lang='lat' dir='ltr'>corr.</span> <span class='ocrx_word' id='word_1_273' title='bbox 368 3651 435 3703; x_wconf 81' lang='lat' dir='ltr'>m.2</span> <span class='ocrx_word' id='word_1_274' title='bbox 452 3647 480 3702; x_wconf 89' lang='grc' dir='ltr'><em>Β</em></span> <span class='ocrx_word' id='word_1_275' title='bbox 582 3650 615 3704; x_wconf 88' lang='grc'>19</span> <span class='ocrx_word' id='word_1_276' title='bbox 633 3651 717 3704; x_wconf 90' lang='lat' dir='ltr'>metet</span> <span class='ocrx_word' id='word_1_277' title='bbox 735 3650 863 3720; x_wconf 76' lang='lat' dir='ltr'>deinceps</span> <span class='ocrx_word' id='word_1_278' title='bbox 881 3657 923 3706; x_wconf 83' lang='lat' dir='ltr'>ter</span> <span class='ocrx_word' id='word_1_279' title='bbox 941 3667 1010 3707; x_wconf 82' lang='lat' dir='ltr'>corr.</span> <span class='ocrx_word' id='word_1_280' title='bbox 1029 3667 1064 3706; x_wconf 78' lang='lat' dir='ltr'>ea</span> <span class='ocrx_word' id='word_1_281' title='bbox 1080 3653 1167 3706; x_wconf 87' lang='lat' dir='ltr'>metat</span> <span class='ocrx_word' id='word_1_282' title='bbox 1183 3653 1251 3705; x_wconf 77' lang='lat' dir='ltr'>m.2</span> <span class='ocrx_word' id='word_1_283' title='bbox 1268 3653 1296 3705; x_wconf 86' lang='lat' dir='ltr'><strong><em>A</em></strong></span> <span class='ocrx_word' id='word_1_284' title='bbox 1321 3654 1409 3707; x_wconf 85' lang='lat' dir='ltr'>metat</span> 
     </span>
     <span class='ocr_line' id='line_1_33' title="bbox 280 3734 1409 3804; baseline 0.001 -15"><span class='ocrx_word' id='word_1_285' title='bbox 280 3734 361 3803; x_wconf 86' lang='lat' dir='ltr'>B(b);</span> <span class='ocrx_word' id='word_1_286' title='bbox 384 3735 467 3790; x_wconf 77' lang='lat' dir='ltr'>‘baad</span> <span class='ocrx_word' id='word_1_287' title='bbox 483 3735 539 3790; x_wconf 86' lang='lat' dir='ltr'>ecio</span> <span class='ocrx_word' id='word_1_288' title='bbox 556 3751 595 3790; x_wconf 76' lang='lat' dir='ltr'>aa</span> <span class='ocrx_word' id='word_1_289' title='bbox 612 3741 685 3791; x_wconf 78' lang='lat' dir='ltr'>recte</span> <span class='ocrx_word' id='word_1_290' title='bbox 702 3742 733 3790; x_wconf 79' lang='lat' dir='ltr'>ut</span> <span class='ocrx_word' id='word_1_291' title='bbox 750 3737 781 3790; x_wconf 81' lang='lat' dir='ltr'>ia</span> <span class='ocrx_word' id='word_1_292' title='bbox 797 3737 931 3792; x_wconf 74' lang='lat' dir='ltr'>relatione</span> <span class='ocrx_word' id='word_1_293' title='bbox 947 3737 1092 3792; x_wconf 72' lang='lat' dir='ltr'>indirecte’</span> <span class='ocrx_word' id='word_1_294' title='bbox 1110 3736 1240 3791; x_wconf 78' lang='lat' dir='ltr'>Halmius</span> <span class='ocrx_word' id='word_1_295' title='bbox 1245 3756 1256 3804; x_wconf 89' lang='lat'><em>;</em></span> <span class='ocrx_word' id='word_1_296' title='bbox 1274 3751 1340 3790; x_wconf 77' lang='lat' dir='ltr'>eane</span> <span class='ocrx_word' id='word_1_297' title='bbox 1358 3742 1409 3790; x_wconf 81' lang='lat' dir='ltr'>aut</span> 
     </span>
     <span class='ocr_line' id='line_1_34' title="bbox 281 3821 1408 3892; baseline 0.002 -18"><span class='ocrx_word' id='word_1_298' title='bbox 281 3822 367 3874; x_wconf 87' lang='lat' dir='ltr'>metat</span> <span class='ocrx_word' id='word_1_299' title='bbox 384 3821 462 3875; x_wconf 65' lang='lat' dir='ltr'>eard.</span> <span class='ocrx_word' id='word_1_300' title='bbox 481 3827 520 3876; x_wconf 84' lang='lat' dir='ltr'>eat</span> <span class='ocrx_word' id='word_1_301' title='bbox 538 3826 587 3876; x_wconf 81' lang='lat' dir='ltr'>aut</span> <span class='ocrx_word' id='word_1_302' title='bbox 604 3821 686 3877; x_wconf 76' lang='lat' dir='ltr'>eiecto</span> <span class='ocrx_word' id='word_1_303' title='bbox 704 3821 774 3890; x_wconf 91' lang='lat' dir='ltr'>quod</span> <span class='ocrx_word' id='word_1_304' title='bbox 791 3827 856 3876; x_wconf 79' lang='lat' dir='ltr'>eote</span> <span class='ocrx_word' id='word_1_305' title='bbox 873 3837 1064 3892; x_wconf 87' lang='lat' dir='ltr'>quaecumque,</span> <span class='ocrx_word' id='word_1_306' title='bbox 1083 3821 1156 3891; x_wconf 74' lang='lat' dir='ltr'>quod</span> <span class='ocrx_word' id='word_1_307' title='bbox 1173 3823 1258 3888; x_wconf 77' lang='lat' dir='ltr'>faede</span> <span class='ocrx_word' id='word_1_308' title='bbox 1275 3837 1311 3876; x_wconf 79' lang='lat' dir='ltr'>aa</span> <span class='ocrx_word' id='word_1_309' title='bbox 1327 3827 1408 3876; x_wconf 76' lang='lat' dir='ltr'>antc-</span> 
     </span>
     <span class='ocr_line' id='line_1_35' title="bbox 283 3904 1407 3978; baseline 0.003 -18"><span class='ocrx_word' id='word_1_310' title='bbox 283 3904 389 3960; x_wconf 78' lang='lat' dir='ltr'>cedeati</span> <span class='ocrx_word' id='word_1_311' title='bbox 407 3905 479 3974; x_wconf 85' lang='lat' dir='ltr'>quid,</span> <span class='ocrx_word' id='word_1_312' title='bbox 498 3906 568 3976; x_wconf 92' lang='lat' dir='ltr'>quod</span> <span class='ocrx_word' id='word_1_313' title='bbox 585 3907 630 3962; x_wconf 83' lang='lat' dir='ltr'>bic</span> <span class='ocrx_word' id='word_1_314' title='bbox 647 3908 733 3976; x_wconf 77' lang='lat' dir='ltr'>repeti</span> <span class='ocrx_word' id='word_1_315' title='bbox 741 3913 860 3976; x_wconf 75' lang='lat' dir='ltr'>poterat,</span> <span class='ocrx_word' id='word_1_316' title='bbox 879 3911 969 3975; x_wconf 90' lang='lat' dir='ltr'>metet,</span> <span class='ocrx_word' id='word_1_317' title='bbox 987 3914 1019 3963; x_wconf 80' lang='lat' dir='ltr'>at</span> <span class='ocrx_word' id='word_1_318' title='bbox 1031 3925 1092 3963; x_wconf 81' lang='lat' dir='ltr'>cam</span> <span class='ocrx_word' id='word_1_319' title='bbox 1103 3909 1197 3963; x_wconf 81' lang='lat' dir='ltr'>statim</span> <span class='ocrx_word' id='word_1_320' title='bbox 1209 3908 1260 3978; x_wconf 85' lang='grc'><strong>(23.</strong></span> <span class='ocrx_word' id='word_1_321' title='bbox 1274 3907 1317 3972; x_wconf 88' lang='grc'>24)</span> <span class='ocrx_word' id='word_1_322' title='bbox 1335 3924 1407 3977; x_wconf 74' lang='lat' dir='ltr'>seqq.</span> 
     </span>
     <span class='ocr_line' id='line_1_36' title="bbox 278 3990 1409 4064; baseline 0.002 -18"><span class='ocrx_word' id='word_1_323' title='bbox 278 3990 364 4060; x_wconf 68' lang='lat' dir='ltr'>pune</span> <span class='ocrx_word' id='word_1_324' title='bbox 387 3997 530 4062; x_wconf 68' lang='lat' dir='ltr'>mereat,</span> <span class='ocrx_word' id='word_1_325' title='bbox 557 3992 605 4047; x_wconf 81' lang='lat' dir='ltr'>abi</span> <span class='ocrx_word' id='word_1_326' title='bbox 626 3993 666 4047; x_wconf 80' lang='lat' dir='ltr'>bie</span> <span class='ocrx_word' id='word_1_327' title='bbox 687 3994 770 4047; x_wconf 89' lang='lat' dir='ltr'>metet</span> <span class='ocrx_word' id='word_1_328' title='bbox 786 3992 885 4064; x_wconf 64' lang='lat' dir='ltr'>leuiter</span> <span class='ocrx_word' id='word_1_329' title='bbox 902 3995 936 4060; x_wconf 79' lang='lat' dir='ltr'>ef.</span> <span class='ocrx_word' id='word_1_330' title='bbox 955 3999 979 4058; x_wconf 71' lang='grc'>5.</span> <span class='ocrx_word' id='word_1_331' title='bbox 997 3997 1034 4048; x_wconf 75' lang='grc'>74</span> <span class='ocrx_word' id='word_1_332' title='bbox 1136 3993 1169 4048; x_wconf 89' lang='grc'>22</span> <span class='ocrx_word' id='word_1_333' title='bbox 1196 3995 1265 4064; x_wconf 91' lang='lat' dir='ltr'>cum]</span> <span class='ocrx_word' id='word_1_334' title='bbox 1283 3993 1348 4048; x_wconf 94' lang='lat' dir='ltr'>dum</span> <span class='ocrx_word' id='word_1_335' title='bbox 1366 3993 1409 4048; x_wconf 85' lang='lat' dir='ltr'>ed.</span> 
     </span>
    </p>
   </div>
   <div class='ocr_carea' id='block_1_7' title="bbox 282 4077 1411 4217">
    <p class='ocr_par' dir='ltr' id='par_1_8' title="bbox 282 4077 1411 4217">
     <span class='ocr_line' id='line_1_37' title="bbox 282 4077 1411 4217; baseline 0.003 -86"><span class='ocrx_word' id='word_1_336' title='bbox 282 4077 422 4216; x_wconf 58' lang='lat' dir='ltr'>Balatetus</span> <span class='ocrx_word' id='word_1_337' title='bbox 452 4163 479 4217; x_wconf 61' lang='grc' dir='ltr'><em>Α</em></span> <span class='ocrx_word' id='word_1_338' title='bbox 529 4078 563 4133; x_wconf 87' lang='grc'>23</span> <span class='ocrx_word' id='word_1_339' title='bbox 588 4082 673 4134; x_wconf 85' lang='lat' dir='ltr'>metet</span> <span class='ocrx_word' id='word_1_340' title='bbox 696 4079 724 4133; x_wconf 89' lang='lat' dir='ltr'><em>B</em></span> <span class='ocrx_word' id='word_1_341' title='bbox 749 4080 807 4147; x_wconf 81' lang='lat' dir='ltr'>(ced</span> <span class='ocrx_word' id='word_1_342' title='bbox 827 4081 921 4135; x_wconf 83' lang='lat' dir='ltr'>atatim</span> <span class='ocrx_word' id='word_1_343' title='bbox 943 4085 1014 4136; x_wconf 83' lang='lat' dir='ltr'>recte</span> <span class='ocrx_word' id='word_1_344' title='bbox 1035 4082 1129 4146; x_wconf 87' lang='lat' dir='ltr'>metet)</span> <span class='ocrx_word' id='word_1_345' title='bbox 1239 4083 1266 4135; x_wconf 90' lang='lat' dir='ltr'>et</span> <span class='ocrx_word' id='word_1_346' title='bbox 1289 4081 1411 4150; x_wconf 85' lang='lat' dir='ltr'>qui-et</span> 
     </span>
     <span class='ocr_line' id='line_1_38' title="bbox 283 4164 434 4217; baseline 0 -1"><span class='ocrx_word' id='word_1_347' title='bbox 283 4164 354 4216; x_wconf 87' lang='lat' dir='ltr'>mete</span> <span class='ocrx_word' id='word_1_348' title='bbox 385 4177 434 4217; x_wconf 86' lang='lat' dir='ltr'>om.</span> 
     </span>
    </p>
   </div>
   <div class='ocr_carea' id='block_1_8' title="bbox 0 0 1557 4764">
    <p class='ocr_par' dir='ltr' id='par_1_9' title="bbox 0 0 1557 4764">
     <span class='ocr_line' id='line_1_39' title="bbox 0 0 1557 4764; baseline 0 0"><span class='ocrx_word' id='word_1_349' title='bbox 0 0 1557 4764; x_wconf 95' lang='lat' dir='ltr'> </span> 
     </span>
    </p>
   </div>
  </div>
 </body>
</html>
