3076 4764
266 264 328 330 110
751 262 907 321 tornioni

268 455 437 522 bestiarum
470 474 532 521 non
564 458 712 522 rexerunt
747 456 880 522 traditos
913 455 975 522 sibi
1007 455 1062 523 sed
1095 458 1297 538 mereunt,
1335 475 1392 524 neo

265 558 374 640 spoliis
404 560 531 624 tontum
564 558 745 638 hominum,
780 561 816 625 ut
845 560 985 643 plerique
1017 559 1156 625 latrones
1187 561 1304 643 solent,
1336 561 1394 632 sod

213 659 257 727 26
265 659 452 726 mentione
472 659 571 727 oriam
586 665 627 741 et,
646 664 683 726 nt
697 662 747 728 ite
757 662 874 742 metm,
886 663 1038 747 sanguino
1049 663 1268 746 poscebantur.
1293 681 1332 730 sc
1347 663 1393 730 sie

265 764 371 829 actum
405 766 470 838 est,
506 766 543 830 nt
575 763 751 830 latrociniis
785 764 929 831 iudicum
963 766 1156 849 stronguloti
1187 765 1331 833 hominos
1361 770 1394 834 et

265 865 368 932 mooli
390 865 564 950 inoipment
585 885 654 933 esse
676 869 766 952 qnasi
787 868 923 948 barbari,
953 869 1026 953 qrrin
1047 886 1109 934 non
1129 869 1394 953 permittentur
1415 891 1428 933 ⁵

215 984 232 1019 2-
266 987 335 1037 esse
356 969 497 1036 Romani.
535 969 766 1054 adquieuerunt
795 973 877 1037 enim
911 990 980 1038 eoos
1008 974 1092 1056 quod
1112 989 1175 1039 non
1196 975 1296 1053 aaut,
1320 977 1395 1058 qius

266 1089 329 1138 nor
359 1075 621 1156 permittebantur
650 1091 720 1142 osso
745 1075 829 1158 quod
849 1075 983 1158 luerent,
1017 1076 1178 1158 coactique
1197 1079 1271 1143 sunt
1292 1078 1394 1147 ritum

266 1176 374 1243 saltim
407 1176 581 1263 defendere,
616 1178 691 1261 quia
718 1197 757 1244 so-
775 1178 841 1245 ium
873 1178 1054 1245 libertatem
1087 1179 1239 1247 uidetont
1268 1181 1394 1264 ponium

266 1279 450 1362 perdidisse.
474 1285 530 1347 sut
545 1282 622 1364 quid
637 1282 724 1347 aliud
737 1283 836 1347 etiem
849 1301 933 1350 nuno
948 1282 1064 1367 egitir,
1087 1302 1182 1368 quem
1196 1284 1272 1350 tunc
1288 1286 1395 1350 sotum

267 1384 324 1466 eol,
348 1383 380 1451 io
403 1388 459 1462 est,
486 1387 523 1450 ut
544 1385 600 1468 qui
621 1387 721 1452 odhnc
743 1385 905 1452 Boosudm
932 1403 994 1452 non
1022 1389 1097 1452 sunt
1124 1405 1192 1454 esso
1219 1388 1430 1474 oogcnluriro

266 1487 418 1568 qnantum
447 1487 531 1554 onim
554 1489 594 1555 od
615 1490 684 1554 nim
710 1492 805 1572 etque
830 1488 965 1554 iniurias
985 1491 1134 1573 nominet,
1163 1491 1396 1575 mmpolluntur

267 1593 304 1655 ut
326 1591 427 1657 uelint
448 1611 524 1676 esse,
553 1595 607 1660 sed
634 1592 845 1660 inbecillitate
865 1593 1080 1678 impediuntur
1100 1595 1221 1660 utnon
1242 1595 1319 1660 sint
1352 1596 1396 1660 sic

266 1697 342 1759 sunt
373 1713 446 1780 ergo
477 1697 566 1780 quusi
598 1698 718 1781 captiui
744 1697 818 1783 iugo
849 1698 988 1766 hostium
1010 1697 1126 1782 pressi:
1160 1698 1299 1765 tolerant
1319 1715 1395 1779 oup-

268 1794 397 1876 plicium
422 1801 607 1866 necessitate
623 1820 684 1867 non
699 1807 790 1868 uoto:
810 1803 915 1867 animo
935 1803 1116 1869 desiderent
1136 1801 1318 1868 libertatem
1339 1800 1395 1865 sel

268 1917 424 1967 summam
446 1904 604 1969 sustinent
626 1904 820 2000 seruitutem.
853 1912 854 1915 ’
1405 1931 1431 1975 15

99 2073 100 2076 ,
217 1994 257 2064 27
312 2003 384 2071 VH.
418 2007 469 2074 Its
496 2027 568 2092 ergo
592 2011 624 2075 et
646 2027 717 2077 oum
745 2010 888 2075 omnibus
910 2009 1010 2075 formo
1031 2007 1250 2077 humilioribus
1272 2006 1395 2093 egitur:

268 2126 330 2173 uno
360 2112 444 2176 onim
471 2129 503 2176 ro
533 2112 573 2177 ed
603 2113 679 2178 luas
710 2112 937 2180 muernssimns
968 2113 1158 2179 coartantur.
1195 2112 1242 2177 uio
1272 2127 1396 2176 summo

107 2259 108 2263 η
146 2298 149 2303 d
269 2214 363 2298 exigit
386 2216 422 2279 ut
443 2215 604 2297 adspirare
629 2216 662 2280 in
691 2213 872 2282 libertatem
893 2215 1007 2292 uelint,
1028 2215 1083 2281 sed
1105 2216 1214 2280 eedem
1236 2213 1284 2280 uis
1305 2232 1396 2298 posse

267 2335 330 2383 non
358 2319 434 2384 sinit
462 2337 541 2404 quae
568 2318 652 2385 uelle
681 2319 849 2400 compellit.
886 2318 942 2385 sed
963 2318 1115 2404 imputari
1136 2319 1185 2384 his
1209 2318 1310 2402 potest
1332 2317 1395 2382 for·

268 2420 361 2502 sitan,
396 2424 476 2507 quod
510 2423 570 2489 hoo
602 2414 704 2488 nolint
735 2423 889 2501 homines,
923 2419 978 2508 qui
1000 2422 1080 2489 nihil
1101 2422 1205 2506 magis
1238 2421 1431 2506 cuperentso

269 2543 364 2609 quem
386 2545 425 2592 ne
447 2529 629 2610 cogerentur
660 2526 719 2593 hoc
752 2525 853 2611 uelle;
886 2544 1011 2593 summa
1044 2527 1127 2591 enim
1155 2524 1326 2591 infelicitas
1348 2523 1396 2588 est

269 2629 351 2712 quod
384 2629 505 2694 uolunt.
541 2646 710 2694 nom-cnm
732 2628 783 2694 his
809 2629 909 2695 murro
944 2629 1057 2695 melius
1090 2624 1250 2712 agebatur,
1284 2627 1313 2691 si
1334 2643 1397 2691 non

217 2723 259 2790 28
270 2731 532 2814 compellerentur
554 2731 611 2798 hoo
633 2732 723 2796 uelle.
754 2732 809 2797 sed
832 2731 907 2815 quid
927 2733 1058 2815 possunt
1080 2731 1165 2797 uliud
1180 2729 1263 2795 uelle
1277 2728 1395 2806 miseri,

270 2835 323 2918 qni
346 2835 521 2914 adsiduum,
550 2834 647 2899 immo
670 2835 852 2900 continuum
881 2835 1048 2901 exactionis
1070 2834 1213 2916 publicae
1235 2832 1397 2916 petuntur

270 2937 433 3018 excidium,
468 2936 582 3020 quibus
616 2937 763 3004 imminet
795 2955 917 3020 semper
949 2937 1055 3022 grauis
1079 2939 1111 3001 et
1138 2935 1294 3002 indefesse
1324 2951 1432 3018 pro-u

270 3040 407 3124 scriptio,
442 3040 496 3122 qui
519 3039 628 3104 domus
658 3058 729 3105 snas
759 3042 913 3120 deserunt,
948 3060 987 3105 ne
1009 3041 1043 3105 iu
1064 3040 1142 3122 ipsis
1165 3037 1309 3105 domibus
1331 3042 1397 3104 tor-

270 3148 433 3226 queantur,
457 3142 691 3226 siciliensium,
715 3161 753 3207 ne
775 3143 928 3226 supplicio
951 3144 1148 3209 sustineant?
1184 3143 1316 3208 leniores
1347 3142 1396 3206 his

321 3351 521 3405 Idouororent
543 3349 571 3403 A
592 3363 679 3417 super
701 3364 715 3402 e
737 3362 788 3404 ror.
812 3351 886 3402 Μ
908 3364 926 3401 u
1038 3347 1055 3402 3
1078 3347 1160 3401 etiam
1184 3348 1213 3399 et
1236 3346 1278 3400 B:
1307 3344 1398 3398 Etiam

266 3443 373 3507 pwoeto
380 3442 444 3506 poet
455 3437 615 3492 laceratione
622 3435 754 3503 positoA
780 3435 873 3488 etiem
891 3435 1023 3488 Halmius
1122 3432 1284 3487 sinelicium
1302 3429 1330 3485 Β

270 3525 390 3580 homines
416 3526 444 3580 Β
467 3541 488 3582 o.
507 3525 524 3579 i.
628 3523 644 3576 l
670 3523 756 3576 eeroo
781 3521 852 3590 quod
878 3521 987 3576 fuerent
1012 3521 1149 3590 coactique
1176 3523 1240 3573 suot
1265 3519 1292 3572 A
1318 3518 1400 3573 ouon

270 3612 571 3681 mtteqnodnoneront
651 3609 742 3662 sellim
754 3609 880 3663 uitomB
960 3608 1043 3663 8iom
1056 3623 1084 3661 sc
1097 3605 1125 3661 Β
1212 3605 1245 3660 10
1256 3604 1398 3674 coguntur]

271 3700 387 3767 agentur
404 3699 432 3752 A
535 3696 568 3751 12
586 3695 766 3750 inbecillitate
783 3694 823 3748 A:
848 3693 913 3748 imb.
932 3693 1127 3749 Butuirictwr
1228 3691 1262 3745 19
1279 3690 1348 3744 sinit
1366 3705 1400 3744 en

272 3785 340 3838 sin&
357 3785 384 3837 A
402 3785 552 3839 corr.m.2
637 3780 810 3850 imputareA
899 3780 931 3833 21
944 3780 1069 3849 quamtn
1080 3775 1273 3849 coarctarit.
1286 3775 1399 3830 Braeci-

269 3886 374 3926 conue:
391 3887 440 3925 om.
459 3871 514 3924 AB
616 3868 670 3922 nisi
687 3867 848 3936 terpretetur
864 3866 1013 3921 Humiles
1114 3865 1150 3919 22
1171 3865 1258 3918 multo
1277 3862 1399 3918 cumbis

272 3957 301 4011 Β
402 3956 437 4010 23
454 3957 661 4025 semp-„rentur
678 3955 717 4008 oio
734 3955 762 4006 A
778 3952 827 4008 eod
843 3953 876 4008 in
893 3968 978 4022 moro.
995 3968 1030 4008 m.
1047 3951 1234 4007 roocottooima
1252 3950 1324 4004 cline
1339 3964 1400 4004 noro

271 4041 529 4111 obuiceoldcepm
614 4037 973 4108 aliuduollo1oliudfieriB
1063 4037 1098 4092 24
1112 4036 1253 4091 nesiorum
1266 4034 1359 4090 eodm,
1372 4035 1399 4088 2.

271 4145 356 4200 super
378 4145 395 4184 e
416 4128 482 4183 add.
500 4144 513 4182 o
531 4129 558 4182 A
582 4127 667 4195 (mode
682 4127 715 4180 iro
736 4126 761 4181 Τ
780 4123 815 4180 od
838 4123 976 4191 escidium)
1081 4123 1116 4178 26
1138 4123 1227 4179 domos
1251 4136 1286 4177 ec
1306 4119 1400 4175 domus

272 4217 300 4271 A
317 4231 387 4274 corr.
406 4232 439 4272 m.
458 4218 478 4271 2
