3076 4764
554 282 593 336 ad
611 282 793 337 ecelesiam
816 283 861 338 111
879 287 894 348 5
912 284 1022 340 81-86.
1275 287 1337 354 297

208 489 313 536 secum
343 472 500 553 auserunt,
531 490 589 537 nec
617 472 787 555 quidquam
812 474 904 539 homo
926 477 1050 541 omnino
1072 475 1186 542 habere
1208 480 1334 560 poterit,

206 573 317 657 quise
339 575 444 658 ipsum
474 576 585 642 damno
615 577 738 642 animae
766 578 926 661 pereuntis
957 578 1092 645 amittat.
1134 584 1200 646 aut
1226 582 1338 664 qnid,

208 683 320 763 inquit,
349 681 459 746 homo
490 683 842 746 commutationem
868 680 978 747 dabit
1000 699 1068 766 pro
1091 683 1219 749 anima
1241 689 1338 750 sna?

209 783 266 848 hoc
300 785 349 848 est
382 784 497 848 dicere:
531 800 593 848 non
622 785 777 866 respicias,
813 784 959 860 choma,
992 787 1156 867 pecuniam
1181 805 1241 851 non
1264 805 1336 868 pos·

187 887 387 961 ssessionem,
419 904 474 951 nec
505 887 630 951 dubites
660 886 767 952 saltim
794 888 929 952 moriens
952 905 1007 971 pro
1030 907 1085 971 spe
1107 892 1162 954 tua
1184 893 1336 971 quantum

208 991 296 1071 potes
318 991 364 1054 rei
386 994 459 1055 tuae
481 1008 516 1054 ac
538 990 699 1056 facultatis
722 990 839 1056 offerre.
872 990 1101 1074 quidquidlibet
1116 992 1200 1057 enim
1215 993 1336 1058 dederis

207 1111 262 1176 pro
291 1094 323 1158 tc
354 1093 416 1158 uile
446 1097 503 1172 est,
539 1093 690 1182 quidquid
718 1110 774 1178 pro
796 1097 828 1158 te
851 1095 1000 1160 obtuleris
1033 1095 1125 1179 parui
1158 1094 1253 1178 pretii
1275 1099 1335 1174 est,

208 1197 282 1279 quia
303 1199 408 1261 anima
429 1197 486 1262 tua
507 1200 539 1263 in
561 1198 700 1263 omnium
723 1216 828 1263 rerum
851 1199 900 1263 est
921 1200 1139 1282 conparatione
1163 1198 1335 1282 pretiosior.

208 1300 242 1365 et
262 1300 330 1366 ideo
353 1298 435 1364 nihil
458 1299 584 1365 dubites
606 1317 662 1382 pro
685 1301 716 1364 te
738 1301 821 1378 dare,
845 1301 927 1382 quia,
951 1301 978 1367 si
999 1305 1032 1366 te
1055 1303 1206 1382 amiseris,
1230 1304 1335 1367 omnia

173 1403 240 1469 rein
262 1404 294 1468 te
316 1405 438 1485 perdis:
467 1403 493 1467 si
516 1406 622 1469 autem
644 1406 676 1468 te
703 1403 905 1484 lucrifeceris,
937 1407 1040 1469 tecum
1064 1409 1096 1470 et
1118 1404 1152 1469 in
1175 1406 1207 1469 te
1229 1404 1335 1470 omnia

208 1507 390 1592 possidebis.

250 1626 387 1692 XVIIII.
412 1625 492 1693 Cum
515 1627 590 1692 baec
611 1646 687 1711 ergo
708 1627 768 1693 tibi
789 1628 853 1694 iam
875 1628 1030 1708 morienti,
1054 1630 1178 1695 ohomo
1195 1629 1335 1714 quisquis
1345 1630 1387 1697 85

208 1749 250 1808 es,
280 1730 422 1797 dominus
452 1735 524 1796 tuus
553 1732 678 1810 elamet,
707 1735 744 1796 tu
773 1735 912 1798 mentem
941 1733 1067 1799 obturas
1090 1737 1124 1798 tu
1148 1751 1256 1799 aurem
1278 1735 1333 1798 ob·

208 1835 304 1898 struis
326 1835 359 1898 et
379 1833 470 1900 nudis
493 1835 685 1901 sermonibus
714 1833 808 1900 fidem
831 1837 976 1900 adserens
998 1835 1140 1901 sufficere
1162 1837 1221 1902 tibi
1242 1839 1335 1920 putas

173 1939 302 2004 uuerbe
328 1957 383 2022 pro
406 1937 500 2002 rebus
522 1941 657 2005 assatis
680 1941 713 2005 te
735 1941 860 2005 firmum
887 1941 1036 2006 aestimas
1059 1939 1253 2006 credulitatis
1276 1940 1335 2005 ha·

207 2041 279 2107 bere
312 2041 499 2120 subsidium,
533 2046 559 2109 si
581 2043 684 2123 deum,
718 2063 810 2126 quem
843 2043 936 2109 rebus
970 2046 1065 2126 atque
1100 2046 1242 2126 operibus
1271 2044 1336 2108 tuis

207 2142 356 2229 despicis,
390 2145 494 2211 uerbis
525 2148 727 2212 mendacibus
757 2147 907 2212 honorare
938 2149 1080 2212 uideatis.
1118 2146 1200 2230 iili,
1231 2146 1334 2230 inquit

207 2248 493 2331 scripturasancta,
516 2249 550 2313 si
572 2248 710 2327 habes,
734 2248 897 2313 benefac
920 2253 1047 2313 tecum
1069 2252 1106 2313 et
1129 2249 1195 2315 deo
1217 2248 1335 2314 bonas

207 2349 436 2417 oblationes
470 2351 581 2418 oller.
619 2352 651 2416 et
683 2350 761 2417 alibi
793 2332 1000 2431 miserere,
1034 2352 1147 2434 inquit,
1181 2351 1387 2418 animaedd

172 2453 306 2520 aetnae.
344 2455 416 2520 uide
438 2473 532 2537 quam
554 2455 729 2520 misericors
747 2455 792 2520 sit
809 2455 951 2520 dominus
965 2458 1040 2521 deus
1062 2458 1179 2533 noster,
1201 2457 1254 2539 qui
1277 2472 1333 2520 noe

206 2559 290 2640 ipsos
311 2577 366 2640 pro
388 2558 478 2624 nobis
501 2557 748 2623 misericordiam
770 2561 871 2642 rogat:
895 2559 1095 2635 miserere,
1119 2558 1232 2642 inquit,
1255 2561 1335 2624 ani·

207 2678 290 2726 mae
319 2663 420 2728 tuae.
456 2662 514 2726 hoc
536 2662 582 2725 est
604 2662 721 2726 dicere:
750 2661 897 2727 miserere
927 2662 1023 2726 etiam
1052 2661 1088 2725 tu
1116 2660 1213 2738 illius,
1245 2661 1334 2727 euius
1376 2671 1379 2681 '

207 2765 293 2831 uides
322 2765 521 2831 mIseratione
551 2783 601 2829 me
631 2763 745 2850 frangi,
781 2765 927 2831 miserere
955 2765 1043 2830 illius
1072 2765 1209 2842 tandem,
1242 2763 1331 2829 cuius

205 2867 351 2933 misereor
379 2886 434 2951 ego
464 2886 595 2952 semper,
625 2869 772 2934 miserere
800 2873 836 2934 tu
864 2869 987 2934 ammae
1014 2868 1123 2935 saltim
1145 2870 1227 2946 tuac,
1260 2885 1333 2933 oum

170 2969 347 3036 remisereri
367 2991 419 3037 me
441 2989 549 3037 cernas
579 2971 708 3037 alienae.
746 2971 875 3054 etquid
900 2976 971 3054 post
1000 2973 1086 3049 haee,
1118 2969 1332 3037 omiserrime

206 3072 310 3152 homo,
334 3093 405 3140 cum
428 3077 502 3140 deus
524 3074 570 3141 sie
592 3080 698 3141 tecum
720 3076 802 3159 agat,
826 3093 888 3140 non
911 3074 1104 3157 adquiescis?
1134 3073 1223 3156 rogat
1244 3076 1276 3139 te
1298 3074 1334 3139 ut

206 3175 254 3241 tui
277 3178 461 3256 miserearis,
491 3182 523 3243 et
546 3196 607 3243 non
630 3178 702 3243 uis?
736 3195 861 3243 causam
892 3179 979 3243 tuam
1001 3177 1084 3259 apud
1107 3179 1139 3242 ts
1160 3178 1237 3262 agit,
1261 3179 1334 3243 eta

310 3362 342 3415 17
362 3361 462 3417 Eccles.
481 3363 521 3427 14,
541 3364 573 3417 11
679 3363 711 3416 19
729 3361 827 3417 Eccles.
845 3361 887 3428 30,
906 3363 941 3416 24
1059 3389 1061 3393 >

259 3534 272 3587 1
292 3533 432 3602 quiequam
452 3533 479 3585 Α
573 3531 702 3601 3inquid
719 3532 747 3584 Β
844 3532 920 3585 dest
938 3547 987 3586 om.
1007 3532 1142 3587 Betucius
1239 3533 1271 3586 13
1289 3533 1336 3586 ob·

205 3621 281 3672 turae
304 3633 366 3672 eum
388 3618 573 3673 Ritterrbusa'o
596 3618 738 3672 Halmius:
764 3616 880 3670 obduras
903 3617 969 3680 AB;
998 3617 1221 3672 ‘mandationem
1243 3633 1335 3673 mecca·

203 3704 308 3757 acriam
326 3719 382 3759 aeae
399 3704 475 3759 docet
491 3707 658 3759 contrarium
675 3719 768 3758 aurem
785 3703 910 3758 obstruis’
926 3703 1058 3757 Halmius
1145 3705 1176 3758 17
1194 3705 1284 3774 inquit
1301 3720 1335 3759 cs

205 3790 300 3859 inquid
317 3807 387 3846 corr.
406 3794 478 3846 md
500 3791 528 3846 Β
550 3792 614 3846 dem
630 3792 715 3860 poulo
728 3795 793 3860 post
894 3790 930 3844 20
949 3796 1011 3860 poet
1029 3789 1091 3846 uide
1108 3790 1174 3845 cdd.
1189 3807 1211 3860 p
1229 3799 1256 3847 ct
1274 3793 1335 3849 edd.

201 3867 271 3930 cmc
287 3877 445 3931 Halmium:
472 3879 599 3945 pietatem
618 3893 682 3948 erga
699 3879 727 3930 te
744 3873 846 3931 demini
863 3877 950 3932 nostri
968 3875 1030 3930 uide
1058 3876 1061 3881 ⁴
1134 3876 1198 3931 deus
1216 3893 1269 3931 non
1287 3879 1335 3949 qni

204 3976 256 4015 non
275 3960 347 4032 ips'cs
365 3961 393 4016 Β
494 3963 526 4016 21
546 3962 642 4033 inquid
660 3962 688 4017 Β
759 3961 762 3964 ’
790 3961 825 4016 22
843 3961 916 4016 illius
934 3961 968 4019 'ec
985 3961 1042 4016 illis
1059 3967 1209 4018 eoram
1226 3965 1253 4017 A
1270 3965 1335 4019 item

201 4045 388 4102 stotbnuldes
406 4063 440 4103 ec
457 4047 528 4103 nidis
545 4050 617 4117 (cam
635 4047 673 4116 Β)
696 4054 722 4103 et
744 4048 840 4103 saltem
858 4063 892 4103 ec
910 4047 1002 4103 saltim
1104 4049 1138 4104 23
1161 4050 1335 4105 miseratione

202 4133 312 4203 strangi
335 4133 363 4188 Β
386 4140 411 4189 et
428 4135 522 4190 malim
538 4134 612 4189 illius
715 4135 749 4190 27
773 4141 831 4204 post
855 4135 916 4205 agit
938 4128 1039 4204 cddp
1057 4141 1083 4190 ct
1101 4135 1162 4190 edd.
1180 4143 1244 4191 anta
1262 4138 1335 4192 Hal·

202 4221 305 4274 mium:
332 4223 360 4273 et
378 4236 393 4272 a
410 4223 437 4274 te
455 4236 506 4274 non
525 4219 701 4276 admittitur?
727 4220 856 4290 dignatur
873 4224 901 4275 te
918 4236 966 4291 pro
984 4223 1011 4275 te
1030 4223 1116 4293 petere
