3098 4770
472 279 509 335 de
527 278 662 350 gubern.
679 279 732 333 dei
749 278 774 331 V
791 282 807 345 t
823 278 934 333 itt—ta
1025 247 1027 252 Ι
1202 280 1277 346 11Θῖ

140 488 212 536 nere
245 485 306 535 non
328 468 430 535 uitam
466 472 497 534 at
526 486 683 534 sommam
716 467 817 533 diuini
850 468 954 532 cultus
985 467 1133 532 habitum·
1162 469 1264 552 magis
1300 500 1303 511 ·
1337 518 1339 523 .

140 592 233 658 qoam
267 573 372 637 actum
405 572 635 650 existimantes,
671 572 793 636 uestem
821 570 1039 636 tantummodo
1071 588 1181 636 enuere
1202 588 1263 635 non

139 681 286 743 mentem.
323 677 404 741 uode
432 676 482 741 illi
503 693 536 740 re
557 674 676 740 minore
704 673 826 739 inuidia
853 672 1034 739 criminosos
1061 676 1187 758 putant,
1209 673 1315 756 qai-'³3

139 798 210 846 cnm
231 779 458 863 paenitentiam
481 778 569 862 quasi
591 779 692 862 egisse
708 779 863 852 dieantur,
886 777 970 843 dcet
990 796 1094 842 mores
1114 776 1263 860 pristinos

117 881 184 947 cita
205 883 301 948 etiam
323 881 466 947 habitum
489 880 778 964 nonrelinquant?
812 898 884 945 nem
907 880 1016 945 taliter
1038 880 1136 947 meme
1158 879 1264 945 omnia

139 988 246 1069 agunt,
279 988 325 1051 ot·
339 1003 391 1051 ecs
412 1004 474 1050 non
495 987 563 1050 tam
594 985 686 1066 putes
719 985 813 1049 antea
834 984 1062 1066 paenitentiam
1095 984 1262 1049 eriminum

139 1092 239 1175 egisse
271 1107 364 1172 quam
396 1092 506 1170 postea
537 1088 636 1171 ipsius
669 1089 878 1172 paenitentiae
907 1087 1078 1169 paenitere,
1112 1104 1168 1152 nec
1197 1089 1263 1152 tom

138 1192 226 1275 prius
258 1191 451 1274 paenituisse
479 1192 561 1275 quod
588 1190 673 1257 male
694 1190 830 1257 uinarint
857 1209 953 1272 quam
975 1191 1092 1273 postea,
1127 1189 1208 1271 quod
1230 1207 1263 1254 se

137 1294 338 1378 promiserint
370 1295 460 1359 bene
482 1311 548 1359 ease
583 1294 728 1360 uicturos.
767 1294 871 1358 edunt
899 1310 951 1357 me
979 1311 1089 1358 aarum
1122 1292 1208 1375 loqui
1230 1295 1264 1357 et

104 1398 354 1464 ootestimonium
387 1396 465 1462 mihi
498 1395 595 1462 etiam
628 1395 818 1462 conscientia
840 1414 897 1461 sua
925 1395 1043 1471 dicunt,
1077 1413 1147 1459 cunr
1170 1395 1264 1463 multi

138 1499 192 1566 alii
220 1500 290 1566 tum
318 1501 484 1584 praecipue
513 1500 562 1564 illi
584 1496 735 1565 nouorum
758 1500 907 1564 honorem
931 1497 1070 1580 religiosi
1092 1496 1265 1562 ambitores

138 1608 263 1688 etpost
295 1606 459 1687 acceptum
490 1605 704 1686 paenitentiae
733 1620 848 1668 nomen
881 1602 1094 1684 amplissimae
1116 1619 1153 1667 ac
1175 1601 1263 1683 priua

139 1724 200 1772 non
222 1707 350 1773 habitae
371 1706 539 1789 potestatis
561 1708 726 1789 emptores.
760 1705 836 1770 adeo
858 1721 920 1770 non
943 1703 1117 1769 saeculares
1139 1707 1317 1776 tantum&

138 1810 193 1876 sed
216 1810 288 1892 plus
318 1810 413 1874 etiam
440 1827 533 1891 quam
562 1810 737 1874 saeculares
761 1826 827 1874 esse
848 1806 1026 1885 noluerunt,
1052 1807 1089 1872 ot
1112 1826 1174 1872 non
1196 1806 1263 1872 sui·

106 1911 246 1977 reficeret
268 1913 314 1978 eis
337 1912 419 1995 qood
441 1915 514 1979 ante
537 1913 670 1988 inerant,
704 1911 766 1977 nisi
793 1912 868 1995 plus·
894 1914 1001 1976 essent
1033 1911 1141 1994 postea
1171 1929 1264 1993 quam

139 2014 282 2081 inissent.
320 2017 473 2098 quomode
505 2014 604 2096 igitur
637 2014 721 2079 tales
752 2015 807 2079 isti
839 2015 1067 2096 paenitentiam
1098 2034 1131 2079 se
1165 2015 1266 2092 egisse

138 2137 201 2184 non
222 2119 389 2201 paenitent,
418 2119 500 2182 sicut
528 2117 626 2183 etiam
652 2117 702 2183 illi
725 2118 763 2182 de
786 2117 984 2185 conacrsmne
1005 2135 1041 2182 ec
1063 2118 1120 2182 deo
1144 2117 1263 2201 aliquid

139 2222 300 2302 cogitasse,
324 2223 377 2303 qui
400 2238 419 2286 a
442 2219 627 2303 coniugibus
649 2219 783 2302 propriis
805 2218 997 2285 abstinentes
1019 2239 1038 2285 a
1060 2238 1164 2284 rerum
1186 2223 1265 2289 alie·
1303 2238 1336 2297 1¹2..

138 2341 249 2389 narum
270 2322 462 2405 ¹peruceione
491 2340 554 2390 non
582 2321 754 2401 abstinent,
787 2326 819 2388 et
843 2339 915 2389 conr
937 2321 1142 2405 profiteantur
1165 2325 1264 2390 conti

105 2426 281 2491 »notiam
321 2443 503 2508 corpomm,
537 2424 764 2490 incontinentia
801 2424 1032 2496 debacchentur
1067 2427 1264 2493 animorum?

138 2544 255 2593 nouom
285 2546 412 2609 prorsus
444 2527 655 2594 conuersionis
676 2545 786 2610 genus.
823 2527 910 2600 licita
931 2544 995 2595 non
1017 2526 1139 2595 faciunt
1160 2531 1193 2598 et
1214 2528 1317 2601 in-bb

138 2632 227 2698 licite
253 2634 475 2699 committunt:
508 2633 685 2715 temperant
713 2650 732 2698 a
760 2633 929 2702 concubitu
951 2635 983 2696 et
1004 2648 1066 2697 non
1088 2632 1265 2713 temperant

141 2751 160 2798 a
180 2737 301 2820 rapina
331 2736 407 2819 quid
428 2736 508 2820 agis,
531 2735 632 2803 stulta
653 2734 835 2819 persuasio?
865 2736 993 2819 peceato
1008 2733 1170 2803 interdixit
1189 2735 1264 2802 dem

138 2855 200 2903 nen
221 2838 433 2905 matrimonia.
471 2858 533 2905 non
556 2841 747 2907 conueniunt
768 2839 881 2907 uestris
904 2839 1016 2905 studiis
1037 2839 1121 2907 iacta
1143 2842 1263 2907 uestra:

103 2957 204 3006 senon
225 2943 345 3009 debetis
368 2960 435 3008 esse
458 2941 551 3009 amici
575 2942 753 3022 criminum,
776 2943 829 3024 qui
852 2941 956 3010 dicitis
978 2960 1037 3009 noc
1056 2943 1268 3013 adfectatores

138 3061 206 3111 esee
239 3044 404 3111 uirtutum.
441 3049 676 3127 praeposterum
709 3047 758 3110 est
790 3045 872 3127 quod
906 3045 1017 3128 agitis:
1049 3063 1113 3111 non
1136 3050 1183 3112 est
1205 3047 1264 3115 hec
1304 3082 1308 3089 ,

139 3148 299 3211 conuersio
314 3149 368 3212 sed
384 3147 513 3213 euersic.
537 3148 592 3231 qui
607 3147 671 3213 iam
686 3149 816 3229 pridem,
839 3155 875 3212 ut
897 3148 982 3215 fama
997 3150 1053 3222 est,
1077 3166 1152 3232 epus
1168 3149 1263 3215 etiam

137 3249 261 3315 honesti
295 3251 488 3316 matrimonii
516 3251 697 3335 reliquistis,
731 3253 858 3317 tandem
888 3252 1044 3316 ascelere
1066 3255 1193 3316 cessate.
1232 3255 1265 3316 et

138 3351 265 3435 quidem
287 3353 407 3418 iustum
429 3357 475 3418 est
497 3357 533 3419 ut
551 3350 591 3419 ab
614 3354 699 3419 omni
723 3354 847 3437 scelere,
872 3355 926 3419 sed
948 3357 1065 3434 tamen,
1089 3354 1117 3417 si
1140 3371 1202 3418 non
1224 3355 1263 3420 ab

102 3458 232 3534 oomni,
268 3456 341 3540 quia
372 3458 429 3524 hcc
461 3456 592 3525 fortnme
621 3458 736 3549 durum
758 3462 790 3522 et
803 3456 1003 3547 impossibile
1032 3475 1097 3523 esse
1126 3456 1262 3536 creditis,

190 3739 205 3795 l
234 3739 376 3809 summam]
405 3755 481 3793 suma
503 3755 523 3794 a
547 3756 565 3793 a
585 3755 640 3797 scr.
657 3756 692 3795 m.
710 3756 764 3796 rec.
781 3745 799 3794 d
816 3744 844 3795 ct
866 3745 1014 3809 praetcrea
1030 3745 1104 3795 out
1130 3743 1166 3795 ut
1193 3740 1269 3810 cced-

135 3828 223 3895 sreteee
245 3831 360 3887 addetur
381 3836 414 3888 nt
521 3834 539 3888 4
565 3833 732 3902 poenitencia
757 3832 786 3888 B
811 3834 999 3903 (penitentiam
1022 3835 1049 3889 A
1072 3836 1120 3904 qai
1140 3836 1173 3890 ia
1195 3850 1266 3904 sopp.

136 3922 215 3981 mede
240 3940 316 3993 paen.
340 3925 421 3994 owdo
446 3942 506 3996 pen.
533 3929 611 3984 modo
636 3944 695 3998 pen.
720 3928 834 3997 mittet)
957 3928 991 3982 10
1013 3944 1074 3983 cum
1096 3928 1124 3983 B
1141 3945 1161 3984 e.
1180 3930 1197 3984 t.
1268 3977 1271 3985 ,

137 4016 169 4071 11
197 4017 326 4075 bonerum
351 4020 380 4075 Β
483 4022 517 4076 13
542 4022 685 4091 potestatis
707 4038 742 4077 ec
766 4026 821 4078 ·tes
842 4023 869 4077 A
894 4038 965 4079 corr.
988 4025 1061 4079 Μ
1163 4024 1201 4084 2st
1224 4023 1266 4079 de

136 4109 335 4168 bacchabantur
356 4115 407 4169 aab
429 4115 464 4170 ab
487 4116 539 4170 litt.
557 4115 660 4171 enecta
677 4115 762 4172 ducto
784 4117 812 4172 A
915 4118 949 4172 25
973 4116 1142 4173 affectatores
1168 4118 1196 4172 Β

137 4203 353 4263 26hocom.B
450 4209 687 4280 iiqoiiqniaB
783 4210 1196 4270 ibadatmatromli
