3076 4764
169 343 174 358 ι
227 276 290 342 172
711 271 866 327 Saluiani

223 466 329 530 aeolo
353 464 453 548 patrio
476 464 586 548 degere
607 463 692 527 intra
713 461 835 532 Gallias
858 479 919 527 non
942 462 1133 545 potuerant?
1156 463 1212 527 ant
1233 465 1269 528 ut
1291 482 1354 528 non

185 570 187 574 ’
224 570 381 652 degerent,
397 585 490 649 quem
505 566 661 631 timebant
675 584 753 648 quae
771 565 908 632 inlaesae
922 585 941 631 a
957 566 1046 630 nobis
1061 584 1158 648 nsque
1173 566 1212 630 ad
1229 567 1354 648 tempus

224 670 304 756 illud
327 674 439 736 cuncta
462 671 689 735 uastauerant?
715 669 770 735 sed
792 669 866 747 esto,
889 669 975 734 intra
990 668 1110 735 Gallias
1132 668 1353 735 formidabant.

222 773 298 855 quid
317 773 350 837 in
372 773 535 857 Hispania,
559 773 613 838 ubi
635 771 731 838 etiam
753 773 906 839 exercitus
928 775 1049 838 nostros
1072 771 1216 838 bellando
1239 775 1355 838 contri·

227 878 357 955 nerant,
395 877 544 959 numquid
574 877 741 941 consistere
775 878 829 941 eut
861 893 1043 957 permanere
1075 874 1259 941 metuebant
1290 877 1392 942 lamo

228 978 362 1043 uictores
389 979 452 1044 iarn
476 979 712 1062 triumphantes,
740 977 853 1060 quibus
875 995 972 1060 nsque
998 977 1142 1043 adhunc
1164 977 1356 1044 fortitudinis

227 1080 347 1146 fastum
376 1081 550 1166 contigerat
582 1081 760 1157 ascendere,
794 1084 830 1145 ut
858 1084 928 1164 post
959 1080 1171 1163 experimenta
1198 1080 1274 1145 belli
1301 1081 1357 1147 diu

224 1185 328 1269 parati
350 1184 571 1269 intellegerent
592 1184 651 1250 sibi
663 1185 821 1250 Romanae
836 1191 882 1249 rei
903 1183 1046 1266 publicae
1068 1185 1149 1250 uiros
1172 1183 1269 1250 etiam
1283 1202 1357 1250 oum

226 1287 429 1353 barbarorum
460 1289 580 1353 auxiliis
608 1305 698 1369 pares
728 1305 793 1352 esse
822 1305 885 1353 non
906 1291 1016 1371 posse?

170 1407 215 1474 54
273 1407 363 1472 XIII.
397 1407 572 1471 Potuerunt
601 1424 673 1490 ergo
701 1406 767 1471 illic
790 1409 901 1489 degere
924 1425 979 1472 neo
1008 1406 1172 1474 timebant.
1217 1407 1393 1474 sed-illaro

224 1509 331 1592 utique
360 1510 503 1574 caelestis
536 1527 663 1590 manus,
699 1527 777 1590 quae
806 1528 856 1575 eos
887 1512 925 1576 ad
953 1509 1111 1593 punienda
1140 1510 1357 1593 Hispanorum

223 1612 346 1696 flagitia
368 1613 444 1678 illuc
467 1615 619 1692 traxerat,
649 1613 746 1679 etiam
776 1616 814 1679 ad
840 1616 1026 1679 uastandam
1049 1613 1193 1680 Africam
1222 1615 1357 1680 transire

225 1715 367 1798 cogebat.
391 1716 451 1799 ipsi
473 1718 604 1798 deniqne
620 1715 801 1781 fatebantur
824 1735 885 1781 non
907 1734 999 1781 suum
1022 1736 1089 1782 esse
1105 1720 1185 1799 qnod
1201 1717 1355 1783 lacerent:

122 1859 125 1865 -
224 1821 276 1904 agi
299 1818 438 1884 enimse
462 1820 564 1884 diuino
587 1819 674 1884 iussu
697 1838 734 1884 ao
755 1822 924 1903 perurgeri.
950 1839 986 1885 ex
1008 1838 1067 1902 qno
1090 1821 1232 1905 intellegi
1253 1824 1357 1907 potest

223 1926 344 2005 quanta
366 1922 429 1986 sint
451 1922 535 1987 mala
556 1927 673 2002 nostra,
697 1924 737 1988 ad
760 1942 836 2007 quos
864 1925 1032 1990 uastandos
1055 1926 1149 2007 atque
1171 1924 1355 1991 cruciandos
1367 1942 1393 1984 ιι

165 2054 167 2058 ⁴
225 2026 271 2090 ire
295 2025 417 2091 barbari
446 2026 676 2108 compelluntur
703 2027 799 2091 inuiti
827 2026 996 2092 secundum
1018 2028 1098 2093 illud
1123 2028 1250 2107 scilicet,
1275 2029 1357 2110 qnod

224 2131 366 2194 nastator
395 2133 496 2195 terrae
518 2130 731 2195 Israhelitioae
760 2150 814 2194 rex
842 2130 1043 2214 Assyriorum
1072 2131 1134 2196 ait:
1164 2129 1357 2212 numquid

222 2231 309 2299 sine
343 2233 490 2298 domini
523 2233 732 2300 uoluntate
767 2233 928 2298 ascendi
966 2233 1012 2298 ad
1048 2233 1177 2298 locum
1209 2235 1357 2300 istum?

225 2337 410 2402 dominns
444 2335 547 2400 dixit
581 2336 692 2410 mihi:
728 2337 899 2401 ascende
932 2337 978 2400 ad
1012 2339 1157 2401 terram
1193 2337 1292 2403 hanc
1321 2340 1358 2405 et

227 2438 417 2506 demolire
440 2456 531 2504 earn.
559 2442 590 2503 et
606 2439 682 2505 alibi
698 2456 786 2504 sacer
800 2457 917 2504 sermo:
940 2439 1158 2506 haecdicit
1181 2439 1394 2506 dominusne

226 2544 491 2624 exercituum,
522 2543 615 2608 deus
638 2542 807 2608 Israhel:
831 2561 919 2608 ecce
948 2560 1017 2627 ego
1048 2544 1204 2608 mittam
1228 2544 1267 2609 et
1290 2544 1358 2609 ad·

226 2665 375 2712 sumam
397 2636 761 2712 Nabochodonosor
794 2664 922 2728 regem
948 2645 1167 2729 Babylonis
1200 2664 1358 2714 seruum

171 2748 364 2828 bbmeum,
398 2752 641 2832 ueniensque
662 2749 865 2831 percutiet
888 2752 1037 2813 terram
1059 2749 1241 2831 Aegypti.
1277 2750 1359 2814 unde

228 2869 393 2933 agnoscere
417 2870 579 2934 possumus
602 2851 715 2917 onnota
738 2851 879 2933 quidem,
904 2870 983 2934 qnae
1006 2851 1214 2935 adfliguntur,
1243 2851 1358 2917 iudicio

228 2955 277 3021 dei
300 2955 439 3039 percuti,
468 2954 522 3020 sed
544 2958 666 3038 tamen,
694 2957 731 3018 ut
753 2972 845 3036 saepe
866 2955 1054 3033 memoraui,
1084 2958 1211 3038 propter
1232 2957 1394 3038 peccaturo

225 3057 375 3122 subuerti.
399 3074 436 3121 ac
457 3075 512 3139 per
534 3056 591 3122 hoc
614 3056 759 3139 quicquid
782 3056 885 3121 actum
910 3058 956 3121 est
978 3057 1115 3139 peccatis
1136 3075 1199 3121 non
1221 3059 1276 3122 deo
1301 3057 1357 3122 ad-

329 3262 361 3315 ιι
380 3262 433 3316 ιιι.
450 3261 494 3344 ιο,
515 3262 548 3316 ιο
630 3261 686 3316 -no
706 3260 824 3315 merem.
843 3261 884 3326 ιι,
903 3261 928 3315 s.
954 3261 996 3328 rs,
1016 3261 1048 3315 11

278 3437 291 3488 1
312 3434 384 3488 intra
403 3434 432 3488 Β
447 3450 468 3489 a.
487 3434 504 3489 l.
603 3436 705 3487 utnon
724 3443 794 3488 corr.
813 3434 840 3489 Β
859 3449 893 3487 erc
910 3448 964 3487 non
1061 3432 1196 3502 2inlesae
1214 3449 1248 3486 cce
1265 3432 1353 3501 inlesa

224 3521 432 3575 Acorr.m.2
534 3519 927 3574 3stos.ecr.em.2A
978 3551 980 3554 <
1029 3518 1156 3573 letiam
1183 3518 1288 3574 om.B

224 3607 254 3660 in
270 3607 390 3661 bellando
404 3608 432 3662 Β
513 3606 677 3662 contriuerat
690 3623 711 3661 c.
724 3622 740 3660 a
751 3622 802 3662 scr.
815 3623 834 3659 ιι
845 3624 880 3662 m.
892 3608 912 3662 2
923 3608 959 3672 A,
972 3607 1036 3662 item
1046 3606 1140 3661 stetim
1151 3604 1288 3660 metuebat

223 3692 373 3747 'lfactum
400 3692 428 3745 Β
532 3693 685 3762 contigerat
710 3709 744 3747 ea·
768 3694 924 3761 contegeret
942 3693 969 3746 A
986 3707 1056 3747 corr.
1075 3695 1146 3746 m.2
1250 3690 1283 3744 12
1309 3706 1377 3745 ua·-

225 3777 324 3830 standn
342 3777 370 3830 A
386 3777 439 3843 cfr.
450 3793 537 3846 sagro
548 3785 572 3843 §-
584 3781 623 3833 26
728 3779 761 3833 13
779 3778 910 3847 cogebant
923 3784 1021 3848 punct.
1038 3794 1056 3832 n
1074 3779 1102 3832 A
1207 3777 1240 3830 14
1258 3792 1299 3831 ses
1318 3776 1359 3830 di·

223 3862 290 3916 uino
302 3859 374 3918 iusso
387 3864 482 3932 (cuper
494 3881 508 3918 o
520 3880 573 3920 sor.
586 3881 620 3919 m.
635 3866 695 3933 211)
710 3865 744 3918 A
834 3864 971 3934 perurgeri
990 3879 1023 3918 erc
1042 3880 1082 3918 -re
1100 3865 1126 3917 A
1140 3879 1211 3920 corr.
1222 3880 1256 3917 m.
1269 3867 1287 3918 2

227 3947 259 4001 17
278 3948 331 4001 usit
349 3949 377 4002 A
393 3948 452 4014 fecit
469 3951 568 4019 absque
587 3949 669 4005 dubio
687 3952 736 4004 aut
753 3955 785 4004 ιιι
803 3950 882 4004 babet
899 3951 1018 4020 Bruto)
1124 3950 1156 4003 21
1182 3949 1292 4003 mittam
1310 3947 1359 4003 ad·

223 4049 361 4087 summum
387 4036 446 4103 (ede)
474 4037 502 4089 A
622 4036 657 4090 22
683 4035 929 4091 Nabuchodonosor
955 4038 983 4092 Β
1098 4035 1232 4091 babilonis
1258 4035 1286 4087 A

224 4118 261 4173 23
279 4120 390 4175 ueniens
408 4122 561 4191 quipercnti
579 4125 705 4177 etterram
724 4123 783 4192 (cic)
801 4124 829 4176 A
912 4169 914 4174 ,
931 4124 966 4179 24
986 4123 1118 4192 possimus
1136 4137 1221 4191 super
1238 4121 1248 4174 i
1266 4135 1317 4176 scr.
1339 4135 1358 4172 u

225 4219 261 4260 m.
279 4206 300 4258 2
316 4206 344 4259 A
447 4209 556 4262 cunctos
575 4207 691 4276 quidem,
710 4208 757 4277 qni
774 4208 844 4265 coci.
863 4209 1065 4264 Rittcrsbcea‘oe
