3076 4764
228 253 289 318 198
711 250 869 304 Saluiani

225 442 367 506 ridebant
398 439 520 504 scilicet
550 441 622 521 quia
651 439 889 518 maledicebant,
924 440 996 522 quia
1025 441 1258 506 insectabantur
1280 440 1352 522 qnia

226 543 480 622 detestabantur,
514 542 589 623 quia
617 544 723 606 omnia
746 545 778 606 in
800 543 873 608 illos
902 562 999 626 paene
1028 542 1182 621 fecerunt,
1217 563 1295 626 quae
1319 546 1352 609 in

225 648 414 710 saluatorem
438 648 581 711 nostrum
604 647 789 711 ludaeorum
817 647 962 728 impietas
986 647 1165 721 antefecit,
1196 667 1290 730 quam
1314 647 1353 712 ad
1435 686 1436 689 =

186 768 192 799 1
226 750 411 814 effusionem
434 751 535 832 ipsam
558 748 657 814 diuini
679 750 839 831 sanguinis
863 752 1049 831 perueniret.
1081 750 1213 829 sedisti,
1236 752 1351 834 inquis,

224 856 347 920 sanctos
382 870 443 916 non
476 852 664 931 occiderunt,
699 853 781 918 sicut
815 853 944 919 ludaeos
978 853 1090 918 fecisse
1126 853 1268 936 legimus.
1312 873 1387 919 ans

224 957 391 1023 occiderint
420 956 541 1034 nescio,
570 974 630 1020 non
653 955 792 1037 affirmo,
821 957 877 1021 sed
897 961 1003 1022 tamen
1026 976 1142 1041 magna
1164 959 1301 1023 defensio
1324 960 1352 1023 si

224 1061 282 1125 hoc
303 1060 429 1125 tantum
447 1059 481 1123 in
504 1060 549 1123 eis
572 1060 610 1124 de
633 1077 826 1142 paganorum
849 1079 906 1125 non
931 1060 994 1125 luit
1015 1061 1240 1143 perseeutione,
1271 1065 1352 1144 quod

172 1163 321 1236 20habet
342 1162 517 1246 persecutio
544 1164 611 1245 ipsa
633 1165 834 1247 postremum.
872 1167 1017 1252 putemus
1047 1182 1118 1246 ergo
1148 1165 1264 1229 occisos
1287 1165 1353 1230 illic

223 1285 285 1332 non
315 1284 381 1330 esse
409 1266 550 1330 muetos:
582 1268 635 1330 sed
665 1267 740 1349 quid
771 1266 938 1344 faciemus,
970 1268 1053 1349 quod
1080 1287 1142 1332 non
1165 1271 1238 1333 sunt
1260 1269 1352 1351 longe

224 1369 264 1432 ab
287 1369 500 1434 occidentibus
523 1369 576 1450 qui
599 1369 703 1434 animo
726 1370 887 1434 occisionis
914 1374 1053 1448 oderunt,
1079 1372 1264 1452 praesertim
1280 1390 1387 1440 cumro

187 1515 193 1524 ,.
226 1474 369 1537 dominus
391 1473 458 1554 ipse
475 1473 574 1537 dicat:
598 1474 663 1554 qui
686 1473 769 1537 odit
791 1472 957 1536 fratrem
980 1492 1090 1537 suum
1113 1475 1196 1539 sine
1219 1492 1352 1558 causa,

223 1576 420 1642 homicida
443 1579 512 1640 est.
545 1579 687 1657 quamuis
710 1594 771 1640 uon
794 1576 858 1640 sine
882 1595 973 1641 causa
995 1579 1150 1661 persecuti
1167 1579 1231 1641 sint
1246 1595 1353 1643 seruos

224 1679 284 1744 dei.
316 1699 389 1743 nam
413 1680 481 1760 quis
503 1679 603 1744 dicere
626 1681 733 1761 possit,
757 1680 838 1762 quod
861 1680 928 1746 sine
947 1699 1050 1759 causa,
1074 1680 1215 1746 homines
1231 1682 1351 1747 scilicet

224 1783 369 1847 omnibus
393 1802 412 1847 a
434 1802 466 1847 se
489 1785 573 1847 uitae
596 1801 777 1848 aemorum
800 1784 914 1849 studiis
938 1785 1161 1866 discrepantes,
1184 1784 1217 1848 in
1240 1783 1351 1866 quibus

224 1886 305 1950 nihil
326 1886 475 1950 uidebant
498 1905 599 1962 suum,
624 1887 771 1967 quoniam
788 1889 838 1952 dei
861 1887 986 1952 totum?
1009 1892 1144 1951 maxima
1159 1888 1243 1952 enim
1258 1903 1386 1956 causare

224 1990 270 2052 eet
294 1989 521 2054 discordiarum
545 1991 708 2054 diuersitas
732 1992 941 2068 demutatum,
965 1989 1037 2072 quia
1059 1991 1126 2055 fieri
1150 1994 1203 2055 aut
1226 1989 1351 2053 omnino

223 2112 285 2158 non
308 2095 412 2177 potest
435 2095 491 2158 aut
513 2094 565 2157 uix
587 2095 743 2178 potestu
679 2097 759 2158 tut
783 2113 851 2160 eam
873 2114 940 2159 rem
964 2095 995 2160 in
1012 2095 1073 2159 alio
1089 2096 1253 2177 quisquam
1277 2095 1352 2158 dili·

171 2202 212 2269 21
224 2201 289 2279 ga
313 2214 414 2277 aqua
437 2197 503 2277 ipse
526 2195 742 2260 dissentiitt
715 2201 823 2279 itaque
846 2216 897 2262 eos
920 2215 981 2261 non
1004 2197 1071 2262 sine
1094 2216 1196 2274 causa,
1221 2198 1256 2261 ut
1278 2197 1351 2275 dini,

224 2300 396 2374 oderunt,
387 2319 420 2362 m
443 2300 556 2382 quibus
580 2302 684 2364 omnia
705 2301 766 2365 sibi
782 2300 904 2365 aemula
920 2301 1037 2382 atque
1029 2302 1156 2364 mimica
1173 2299 1352 2364 cernebant.

222 2403 273 2467 illi
300 2402 384 2466 euim
413 2404 759 2487 uinebantiugiterm
781 2404 921 2487 nequitia
950 2404 1005 2468 isti
1035 2404 1068 2467 iu
1090 2405 1236 2468 innocent
1237 2403 1277 2481 ia,
1304 2402 1387 2470 illiso

223 2507 256 2571 in
279 2507 409 2571 libidine
432 2507 517 2570 isti'
509 2527 540 2571 m
563 2508 678 2572 castit
659 2511 721 2583 ate
679 2507 831 2571 tilli
822 2526 856 2571 m
879 2506 1052 2571 lustrist
1009 2507 1064 2570 usti
1086 2506 1120 2569 in
1143 2507 1351 2584 monasteriis,

222 2610 271 2674 illi
293 2629 387 2692 prope
410 2609 493 2691 iugit
494 2629 528 2672 er
549 2629 620 2674 cnm
645 2609 832 2674 diabolot
789 2612 832 2675 ιιι
834 2612 844 2674 i
859 2610 927 2674 sine
942 2629 1028 2676 cessa
1029 2611 1111 2674 tione
1129 2627 1201 2673 enm
1217 2608 1353 2676 Christo.

223 2731 285 2776 non
305 2714 376 2777 sine
398 2731 493 2777 causa
515 2713 620 2792 itaque
641 2713 722 2777 illud
744 2713 814 2790 fuit,
845 2714 927 2795 quod
948 2714 1033 2778 iutra
1056 2714 1184 2779 Africae
1207 2713 1352 2778 ciuitates

224 2817 256 2879 et
278 2816 414 2880 manime
442 2818 523 2880 intra
546 2815 742 2897 Carthaginis
770 2834 876 2880 muros
901 2816 1068 2897 palliatum
1091 2819 1121 2880 ct
1143 2815 1296 2898 pallidum
1320 2818 1352 2880 et

223 2919 330 2982 recisis
353 2935 512 2983 comarum
535 2919 699 2984 fluentium
721 2919 802 2983 iubis
818 2937 915 3000 usque
931 2922 1039 2984 adt
987 2925 1039 2983 cut
1040 2938 1091 2983 em
1106 2922 1231 2983 tonsum
1246 2920 1352 2984 uidere
1362 2943 1388 2984 aa

224 3020 290 3083 tam
320 3020 428 3085 infelix
456 3022 510 3086 ille
539 3025 674 3103 populus
708 3040 801 3103 quam
830 3021 966 3086 infidelis
995 3024 1062 3086 sine
1091 3023 1229 3087 conuicio
1259 3026 1352 3106 atque

171 3123 355 3197 22execrat
346 3142 416 3187 ione
446 3126 498 3189 uix
525 3131 578 3207 pot
565 3126 656 3204 ιιιιι,
695 3128 726 3190 t
695 3144 774 3189 si
797 3127 918 3208 quando
948 3124 1063 3208 aliquis
1093 3125 1144 3191 dei
1167 3144 1274 3190 seruus
1297 3129 1351 3190 aut

225 3228 262 3291 de
284 3225 419 3310 Aegypt
410 3247 510 3292 mrum
533 3228 687 3294 coenobiis
717 3229 772 3293 aut
794 3228 831 3294 de
854 3229 948 3294 sacris
971 3229 1169 3294 Hierusalem
1198 3228 1274 3293 locis
1297 3231 1352 3292 aut

224 3330 263 3394 de
286 3331 402 3395 sanctis
425 3331 543 3395 heremi
559 3333 806 3414 uenerandisque
822 3331 951 3397 secretis
967 3334 1005 3396 ad
1020 3335 1129 3397 urbem
1145 3332 1234 3397 illam
1249 3331 1352 3395 officio

227 3433 327 3499 diuini
350 3435 452 3517 operis
482 3437 623 3512 accessit,
652 3436 746 3500 simul
769 3436 806 3499 ut
827 3437 941 3516 populo
963 3436 1117 3517 apparuit,
1146 3433 1351 3500 contumelias
1361 3457 1387 3495 so

224 3537 388 3620 sacrilegia
409 3540 441 3602 et
464 3538 696 3604 maledictiones
726 3537 857 3620 excepit.
894 3556 951 3602 nec
980 3538 1082 3603 solum
1111 3540 1178 3618 hoc,
1210 3539 1263 3603 sed
1291 3541 1352 3603 im-

223 3640 418 3721 probissimis
445 3642 671 3724 flagitiosorum
701 3641 863 3707 hominum
891 3643 1050 3708 cachinnis
1074 3647 1105 3706 et
1127 3642 1353 3707 detestantibus

223 3742 393 3808 ridentium
416 3744 516 3809 sibilis
539 3750 627 3827 quasi
649 3745 768 3811 taureis
792 3746 992 3811 caedebatur:
1022 3765 1094 3810 uere
1117 3749 1153 3810 ut
1175 3747 1202 3810 si
1225 3745 1294 3827 quis
1318 3766 1353 3811 ea

291 3853 574 3954 'errabant'

275 4015 916 4088 Hmmmmmmmfflm1
1019 4019 1282 4089 fflfflmmB

222 4102 256 4155 25
280 4100 365 4155 uideri
387 4102 414 4155 B
516 4103 550 4157 27
573 4105 692 4173 poterat,
715 4106 744 4157 et
760 4104 927 4172 interponat
949 4119 1010 4159 cum
1027 4105 1157 4160 Hcccelic
1175 4109 1288 4174 poterat.
1317 4104 1354 4157 nc

223 4204 284 4242 cram
302 4187 363 4243 edd.
382 4189 513 4243 Halmius
615 4188 649 4242 28
666 4189 807 4243 ierusalem
824 4189 852 4244 B
