3076 4764
560 274 598 329 ad
617 274 792 329 ecclesiam
816 274 865 342 lvd
885 275 993 328 18-24.
1276 277 1341 344 231

212 467 285 532 illos
308 465 409 531 officio
430 484 469 531 ac
488 467 600 531 timore
623 464 746 531 diuino:
770 465 834 531 sibi
855 483 916 548 quo
933 465 1048 531 modo?
1069 465 1106 529 ut
1127 464 1341 532 thesaurizent

212 572 272 637 sibi
305 570 468 636 thesauros
501 571 533 635 in
557 571 659 635 >caelo
695 569 826 635 mirifice
858 569 997 648 scilicet
1024 571 1071 647 ut,'
1104 569 1177 651 quia
1209 569 1342 651 pecunia

213 674 328 738 caduca
350 676 398 739 est
420 673 588 756 disciplina
608 673 797 752 inmortalis,
820 673 854 738 et
868 678 975 738 omnes
991 673 1088 738 ferme
1109 673 1255 755 parentes
1270 674 1341 754 plus

211 780 319 842 amant
348 776 430 842 filios
459 795 553 859 quam
575 775 721 859 seipsos,
751 776 812 841 sibi
842 776 1003 845 conferant
1025 775 1107 841 bona
1129 776 1245 841 caduca
1265 775 1341 841 filiis

189 876 410 963 esempiterna
439 898 474 945 ac
503 881 548 944 sie
577 880 609 944 et
629 880 741 962 pietati
770 898 846 945 suae
865 880 1041 944 consulant
1069 880 1113 950 et.
1129 879 1236 957 saluti,
1269 897 1341 945 cum

211 983 327 1067 duplici
359 985 453 1065 atque
482 983 643 1047 inmortali
658 1021 659 1028 ι
672 982 751 1047 bono
774 986 805 1048 et
833 1001 888 1064 per
915 1002 959 1063 ee,
993 1001 1071 1066 quac
1101 985 1228 1049 aeterna
1256 984 1340 1065 sunt,

211 1091 353 1151 aeternos
377 1105 441 1151 esse
464 1086 544 1151 filios
560 1103 633 1151 suos
655 1085 774 1151 faciant
797 1086 885 1151 etad
902 1086 1146 1168 conquirendam
1162 1086 1222 1152 sibi
1238 1086 1321 1152 beat‘
1297 1090 1340 1152 ιιι
1368 1078 1369 1081 ’

210 1189 352 1254 tudinem
375 1209 426 1272 ea,
455 1207 545 1270 quae
562 1189 747 1255 naturaliter
769 1190 884 1254 caduca
912 1192 997 1272 sunt,
1027 1191 1115 1256 bonis
1138 1189 1353 1273 operibusin

210 1296 260 1356 aet
262 1310 337 1356 ema
358 1293 553 1358 conuertunt.
589 1292 664 1373 quid
692 1310 764 1376 ergo
788 1298 923 1372 aestuas,
952 1297 1083 1375 paterna
1104 1294 1229 1377 pietas?
1263 1285 1392 1376 qnid22

175 1394 249 1464 aad
272 1397 525 1478 conquirendat
526 1414 633 1462 ortena
656 1400 687 1460 ι
718 1395 857 1478 peritura
886 1398 1096 1462 distenderis?
1127 1397 1209 1461 nihil
1238 1397 1340 1462 maius

209 1504 366 1580 praestare
388 1499 461 1564 filiis
483 1501 580 1582 potes,
603 1518 697 1581 qnam
718 1501 749 1563 si
766 1500 825 1564 hoo
841 1502 958 1566 bonum
972 1519 1027 1582 per
1041 1503 1073 1565 te
1088 1501 1233 1578 habeant,
1257 1503 1339 1581 quod

209 1621 382 1685 numquam
403 1605 528 1684 penitus
551 1602 710 1668 amittant.
745 1621 811 1667 non
828 1623 953 1668 necesse
975 1607 1023 1670 est
1045 1623 1118 1688 ergo
1139 1608 1176 1669 ut
1196 1605 1261 1670 filio
1283 1608 1339 1670 tuo

208 1707 346 1771 terrenos
380 1707 541 1772 thesauros
574 1705 738 1772 recondas:
772 1708 860 1772 nulla
893 1726 926 1772 re
955 1726 1029 1773 eum
1063 1708 1159 1773 facies
1194 1708 1340 1773 ditiorem

209 1828 302 1891 quam
325 1810 352 1873 si
374 1809 477 1891 ipsum
499 1809 601 1874 filium
623 1814 715 1873 tuum
737 1809 919 1875 thesaurum
943 1811 993 1876 dei
1016 1810 1138 1876 feceris.

173 1943 199 1984 ι
250 1913 289 1978 V.
320 1913 516 1994 Quamquam
546 1913 621 1977 haee
649 1912 724 1976 licet
753 1931 785 1978 se
814 1914 861 1979 ita
888 1914 1024 1980 habeant
1052 1919 1084 1980 ιι
1113 1915 1178 1980 sint
1205 1933 1280 1979 uera
1303 1905 1392 1979 ιι23

208 2017 424 2092 saluberrima,
448 2022 553 2080 tamen
577 2034 635 2080 non
658 2015 705 2079 ita
726 2015 837 2095 dicam,
862 2019 952 2098 quasi
974 2017 1056 2083 filios
1078 2018 1169 2083 bonis
1186 2019 1218 2082 ιι
1239 2018 1338 2083 facul·

208 2121 326 2186 tatibus
354 2119 493 2202 paternis
522 2120 648 2201 penitus
677 2120 852 2184 excludam,
884 2122 938 2185 sed
961 2123 999 2186 de
1020 2121 1078 2188 hoc
1100 2123 1209 2203 postea
1231 2122 1338 2204 dispu-

207 2224 357 2288 tabimus.
392 2223 519 2287 interim
547 2223 622 2304 quia
642 2239 710 2285 reos
728 2230 765 2285 'se
788 2223 913 2304 quidam
937 2224 1059 2289 futuros
1083 2243 1143 2290 non
1166 2226 1288 2305 putant,
1311 2225 1352 2289 si:
1382 2248 1387 2256 ”

208 2325 401 2391 substantias
430 2343 503 2390 suas
530 2343 593 2389 non
624 2325 663 2389 ad
692 2325 849 2407 euangelii
877 2325 1025 2391 honorem
1052 2345 1114 2392 non
1141 2329 1338 2393 adsalutem

172 2446 298 2496 insuam
325 2446 384 2492 non
407 2431 446 2493 ad
474 2427 576 2491 ullum
605 2426 746 2492 officium
774 2429 825 2494 dei
846 2429 1020 2508 conferant,
1050 2429 1105 2494 sed
1127 2449 1183 2512 pro
1206 2429 1338 2494 libidine

208 2536 240 2595 et
261 2530 448 2597 infidelitate
471 2530 716 2614 quibuscumque
745 2532 912 2597 heredibus
934 2535 1051 2616 passim
1073 2534 1126 2598 uel
1148 2533 1338 2615 inreligiosis

208 2634 260 2699 uel
295 2635 501 2718 locupletibus
538 2633 625 2716 inpia
655 2638 687 2699 et
716 2639 872 2717 paganica
904 2634 1082 2720 <uanitate>
1116 2636 1338 2712 transcribant,

206 2736 370 2801 uideamus
399 2737 536 2801 breuiter
565 2736 616 2801 uel
638 2756 657 2802 a
679 2755 739 2818 quo
767 2739 833 2803 sint
862 2737 953 2803 datae
979 2738 1148 2804 facultates
1178 2741 1264 2822 ipsae
1280 2737 1340 2804 uel

208 2840 247 2905 oh
279 2841 354 2921 quid
389 2839 490 2918 datae,
526 2842 564 2904 ut
597 2858 668 2903 cum
698 2844 729 2903 et
757 2844 914 2906 auctorem
948 2845 979 2906 et
1013 2859 1142 2906 causam
1174 2843 1265 2907 datae
1293 2842 1339 2908 rei
1401 2879 1403 2883 ι

172 2970 198 3010 ι
208 2943 443 3024 ostenderimus,
467 2943 593 3009 facilius
616 2947 648 3007 et
670 2944 711 3008 ad
735 2962 829 3025 quem
850 2944 1012 3008 referenda
1029 2945 1109 3008 etin
1130 2964 1223 3028 quem
1245 2965 1338 3011 usum

208 3047 393 3112 conferenda
415 3047 457 3111 sit
479 3046 650 3129 adprobare
673 3047 837 3129 possimus.
861 3064 985 3112 omnem
1012 3049 1223 3114 substantiam
1245 3044 1390 3115 mun-‘24

257 3268 275 3322 4
299 3269 389 3322 ament
411 3268 468 3321 AB
573 3268 606 3322 19
628 3267 752 3336 euangeli
775 3267 802 3321 Β
848 3299 861 3311 .,
905 3270 938 3323 21
963 3269 1128 3338 inreligiosis
1153 3285 1187 3324 ιι
1211 3272 1248 3325 -si
1266 3285 1337 3326 com.

207 3369 241 3409 m.
260 3357 281 3408 2
306 3354 333 3408 B
446 3354 480 3408 22
507 3354 682 3423 locopletibus
698 3356 736 3408 *A
767 3385 768 3388 =
848 3360 913 3417 cate
939 3356 1014 3424 inpia
1040 3356 1172 3411 Halmius
1197 3357 1339 3424 suppleuit

207 3444 309 3506 mentm
335 3457 385 3494 moa
403 3440 561 3495 addidimus
578 3441 700 3494 uanitate
719 3441 761 3508 (ιι
778 3446 802 3504 9.
821 3444 867 3495 33:
896 3442 1083 3495 infidelissima
1100 3442 1230 3508 uanitate,
1250 3457 1337 3509 prcc-

207 3533 282 3582 tcrec
301 3527 356 3581 III
369 3531 406 3581 59
419 3533 444 3581 ct
456 3531 492 3582 60
508 3527 695 3602 infelicissima
713 3533 738 3582 et
756 3527 905 3581 miserrima
923 3529 1059 3596 uanitet03
1078 3531 1129 3596 cfr.
1149 3544 1219 3597 quac
1237 3529 1271 3582 de
1287 3529 1337 3585 hoc

207 3613 264 3667 loco
291 3612 498 3681 disputacioma
526 3613 690 3668 Sita-Ber.
709 3629 739 3681 p.
762 3615 798 3667 34
815 3629 870 3682 epm
897 3619 1018 3670 ceterum
1042 3621 1195 3669 memorata
1222 3615 1337 3685 dipsium

207 3703 254 3761 cat,
272 3697 304 3751 im
321 3699 346 3750 Α
363 3704 427 3766 poet
445 3701 574 3768 paganica
591 3716 611 3754 a.
630 3715 682 3754 aar.
701 3715 757 3753 aare
774 3700 967 3766 sollicitudine,
985 3707 1018 3755 ιι
1034 3703 1120 3771 amipo
1139 3702 1253 3772 lepidam,-
1270 3717 1336 3770 aop-

205 3784 323 3850 plectere
349 3784 421 3838 bomo
438 3800 531 3839 uocem
548 3790 581 3839 ιι
597 3801 685 3853 sopra
701 3791 726 3850 ι.
744 3789 780 3839 12
798 3786 850 3839 erit
867 3787 1120 3855 ciioqocouspicor
1137 3789 1171 3841 P.
1191 3788 1337 3842 Pitbocom

206 3871 284 3923 coice
306 3886 405 3924 ιοιιι
428 3872 460 3924 ιι
478 3872 574 3939 prima
596 3871 696 3926 codicia
713 3873 820 3942 papiae
837 3873 878 3927 bio
894 3871 1065 3942 adscriptum
1083 3879 1123 3928 eat
1139 3890 1270 3943 quomque
1287 3875 1337 3928 boo

206 3955 297 4010 codice
313 3972 394 4010 ceam
412 3972 467 4010 cese
484 3957 577 4011 uideri
593 3957 649 4010 iam
666 3964 739 4012 recte
755 3959 863 4012 momocit
879 3959 1013 4014 Halmius
1025 3960 1119 4028 pracf·
1136 3976 1202 4029 pap.
1225 3961 1271 4015 VI

205 4041 240 4094 24
263 4043 296 4095 ob
320 4043 385 4111 quid
409 4059 443 4097 ιι
466 4042 499 4096 oh
523 4042 594 4111 quod
611 4059 646 4098 m.
664 4049 680 4098 1
698 4060 768 4098 corr.
787 4044 815 4098 A
918 4045 953 4099 ιι
976 4050 1004 4099 ιι
1028 4046 1057 4099 in
1080 4061 1157 4114 quem
1176 4063 1255 4100 usum
1273 4062 1335 4100 con-

206 4127 314 4182 ferenda
332 4131 359 4182 A
377 4134 441 4184 m.1
459 4130 526 4198 (ιιι
544 4133 571 4196 2)
590 4145 611 4183 a.
630 4131 680 4184 lim.
699 4129 778 4185 addit
796 4136 821 4185 et
838 4131 915 4201 m’pmo
935 4133 949 4201 l:
964 4137 1029 4198 post
1041 4132 1179 4186 referenda
1197 4137 1264 4197 (moa
1273 4137 1336 4200 post

207 4216 295 4281 quem)
313 4215 415 4285 relcpct
