3076 4764
535 280 572 333 de
590 280 725 348 gubern.
745 279 798 333 dei
819 279 833 334 I
852 283 867 343 1
886 279 996 337 20-21,
1287 282 1325 347 13

200 468 329 535 ecclesia
353 470 562 553 supplicantes
585 469 781 550 praesentem
797 466 886 532 nobis
902 469 1036 533 salutem
1052 488 1071 534 a
1085 470 1142 535 deo
1158 472 1323 554 poscimus,

201 572 229 637 si
252 573 419 638 audiendos
444 591 498 641 nos
522 573 644 656 penitus
667 590 727 637 non
750 574 918 654 putamus?
952 572 1040 637 nulla
1062 591 1134 656 ergo
1158 574 1246 638 nobis
1270 591 1324 656 pro

201 676 472 742 incolumitatibus
495 695 530 742 ac
552 673 809 758 prosperitatibus
837 672 952 738 nostris
981 677 1056 738 uota
1078 673 1217 740 facienda
1232 681 1323 749 sunt.

202 778 277 861 quin
300 779 413 860 potius,
437 780 474 843 ut
496 777 649 843 modestia
671 776 909 858 supplicationis
933 794 1043 842 uocem
1059 778 1202 845 conciliet
1217 782 1323 860 postu·

178 881 307 959 alantis,
332 880 498 948 dicendum
513 880 642 945 fortasse
657 879 827 945 nobisest:
850 880 982 959 domine,
1008 899 1068 945 non
1083 881 1322 963 prosperitatem

200 969 285 1050 uitae
314 985 403 1050 istius
431 985 566 1067 petimus
587 1001 644 1048 nec
667 1001 722 1065 pro
743 982 833 1048 bonis
856 983 1073 1063 praesentibus
1095 985 1323 1066 supplicamus:

200 1090 312 1154 scimus
349 1086 433 1152 enim
466 1105 554 1152 aures
588 1087 660 1151 tuns
690 1087 738 1150 his
769 1086 1030 1152 obsecrationibus
1061 1087 1181 1154 clausas
1208 1107 1272 1153 esse
1294 1091 1326 1156 et

200 1194 342 1258 auditum
377 1195 408 1256 11
438 1191 476 1256 11
506 1208 610 1273 preces
645 1188 819 1255 istiusmodi
849 1208 911 1254 non
941 1190 1070 1269 habere,
1106 1191 1159 1254 sed
1189 1208 1243 1273 pro
1274 1191 1324 1257 his

201 1295 419 1363 tantummodo
448 1293 601 1377 petimus,
632 1311 709 1375 quae
737 1295 811 1356 sunt
839 1292 946 1357 futura
974 1298 1044 1375 post
1076 1296 1219 1358 mortem.
1259 1286 1376 1361 esto24

166 1399 299 1483 sigitur
329 1397 497 1480 postulatio
528 1396 603 1463 talis
632 1395 772 1460 utilitate
798 1412 859 1460 non
881 1399 1000 1459 eareat:
1030 1396 1182 1477 quomodo
1204 1398 1325 1464 ratione

200 1501 366 1570 subsistit?
400 1500 426 1564 si
456 1499 539 1564 enim
567 1499 641 1563 deus
663 1518 682 1564 e
704 1499 845 1581 respectu
878 1497 971 1563 huius
1005 1499 1122 1565 saeculi
1145 1518 1324 1565 11111111-

201 1604 308 1670 mouet
331 1606 365 1669 et
394 1602 620 1687 postulantium
650 1600 795 1684 precibus
826 1619 912 1667 aures
941 1620 1014 1667 suas
1042 1602 1174 1680 claudit,
1210 1606 1325 1685 absque

203 1709 312 1784 dubio,
342 1707 395 1791 qui
419 1724 480 1770 non
502 1703 592 1770 audit
614 1721 670 1768 nos
693 1721 749 1784 pro
772 1705 1001 1786 praesentibus,
1033 1723 1094 1771 non
1117 1706 1204 1771 audit
1227 1705 1324 1773 etiem

202 1829 256 1894 pro
280 1811 408 1894 futuris,
439 1811 498 1875 nisi
520 1808 599 1873 forte
623 1806 777 1872 credimus
800 1826 856 1888 pro
879 1826 1005 1891 precum
1029 1808 1212 1874 diuersitate
1235 1827 1324 1874 aures

166 1932 275 1979 resuas
298 1913 457 1979 Christum
479 1913 529 1976 uel
545 1911 682 1975 tribuere
706 1911 757 1974 uel
779 1929 899 1996 negare,
923 1912 955 1976 id
979 1914 1037 1994 est,
1062 1913 1099 1977 ut
1121 1911 1249 1976 claudat
1271 1930 1324 1976 eas

203 2036 273 2082 oum
303 2017 430 2100 rogatur
459 2016 648 2098 praesentia,
680 2014 799 2097 aperiat
823 2033 894 2079 curn
916 2015 1031 2080 future.
1069 2016 1122 2079 sed
1145 2015 1182 2079 de
1204 2015 1252 2080 his
1276 2008 1375 2079 11-25

203 2121 332 2184 cendum
356 2119 490 2200 amplius
513 2136 574 2183 non
597 2121 660 2200 est;
683 2118 748 2182 tam
772 2119 871 2183 111111
886 2117 969 2181 enim
984 2119 1057 2183 sunt
1073 2121 1104 2182 et
1119 2119 1186 2182 tam
1199 2117 1322 2195 iriuula,

202 2225 237 2286 11
261 2220 432 2286 cauendum
454 2221 507 2302 sit,
537 2239 575 2284 ne
598 2220 629 2284 id
652 2220 764 2301 ipsum,
795 2220 875 2301 quod
904 2237 959 2302 pro
986 2220 1101 2285 honore
1125 2221 1175 2284 dei
1198 2219 1322 2302 dicitur,

201 2322 315 2388 iniuria
338 2322 388 2386 dei
412 2340 478 2386 esse
508 2322 659 2387 uideatur.
699 2322 789 2387 tanta
817 2323 930 2404 quippe
954 2326 1001 2386 est
1023 2323 1196 2388 maiestatis
1219 2341 1324 2388 sacrae

164 2446 192 2488 1ο
200 2427 234 2490 11
256 2429 323 2491 tam
346 2424 507 2490 tremendo
529 2423 717 2503 reuerentia,
749 2427 869 2488 utnon
892 2425 993 2489 solum
1016 2443 1065 2504 ea,
1098 2444 1175 2506 quae
1198 2425 1236 2490 ab
1259 2425 1323 2489 illis

200 2532 310 2594 contre
332 2528 514 2612 religionem
537 2529 698 2604 11111111,
724 2527 861 2604 horrere,
894 2529 949 2592 sed
972 2530 1067 2593 etiam
1090 2547 1138 2607 ea,
1169 2545 1246 2610 quae
1269 2547 1323 2611 pro

203 2633 352 2715 religione
385 2650 440 2697 nos
470 2629 532 2713 ipsi
563 2630 706 2709 dicimus,
741 2648 811 2694 cum
842 2631 952 2712 grandi
982 2635 1069 2696 metu
1092 2648 1128 2695 11
1159 2631 1324 2714 disciplina

202 2735 303 2803 dicore
330 2734 503 2800 debeamus.
541 2733 638 2818 igitur
660 2733 688 2798 si
709 2733 806 2798 stulte
830 2734 922 2816 atque
944 2733 1040 2816 impie
1061 2733 1214 2812 creditur,
1244 2738 1323 2818 quod
1333 2729 1375 2794 26

204 2857 309 2905 curam
337 2856 441 2904 rerum
469 2837 677 2903 humanarum
707 2837 807 2919 pietas
837 2837 945 2902 diuina
968 2837 1134 2919 despiciat,
1169 2856 1241 2921 ergo
1264 2857 1323 2903 non

167 2961 194 3002 11
204 2942 347 3023 despicit:
382 2942 408 3007 si
429 2945 534 3006 autem
564 2959 626 3005 non
655 2941 801 3022 despicit,
833 2941 930 3025 regit:
962 2941 988 3005 si
1011 2941 1116 3007 autem
1138 2942 1236 3024 regit,
1267 2940 1324 3006 hoo

203 3043 269 3126 ipso
292 3047 373 3127 quod
399 3043 481 3127 regit
510 3043 643 3122 iudicat,
678 3042 751 3125 quia
772 3042 911 3128 regimen
935 3063 1002 3109 esse
1025 3063 1087 3109 non
1109 3044 1228 3128 potest,
1265 3044 1324 3109 nisi

204 3147 298 3213 fuerit
321 3147 435 3229 iugiter
458 3149 489 3212 in
512 3150 630 3211 rectore
653 3145 813 3211 iudicium.

246 3286 300 3351 VI.
324 3284 383 3350 Sed
406 3301 516 3368 parum
538 3302 605 3348 esso
627 3283 758 3349 fortasse
781 3283 936 3366 quispiam
952 3284 1051 3364 putet,
1076 3276 1373 3366 11111111111127

205 3390 352 3473 declarat,
375 3389 437 3452 nisi
459 3388 605 3471 probetur
628 3385 784 3468 exemplis.
821 3385 983 3451 uideamus
1015 3386 1149 3467 qualiter
1171 3389 1323 3452 mundum

167 3508 223 3556 eoa
244 3492 394 3575 principio
417 3495 491 3556 deus
514 3489 635 3568 rexerit,
661 3491 692 3554 et
714 3491 759 3555 ita
776 3508 847 3554 eum
869 3509 990 3571 semper
1011 3491 1115 3555 omnia
1136 3491 1323 3573 gubernasse

203 3596 457 3678 monstrabimus,
481 3598 517 3658 ut
539 3593 631 3658 simul
656 3581 750 3658 etiem
772 3594 923 3658 iudicasse
946 3593 1118 3657 doceamus.
1142 3594 1215 3675 quid
1239 3594 1323 3660 enim

257 3870 342 3924 lae.
361 3871 377 3925 1.
398 3887 431 3924 m.
450 3875 466 3924 1
483 3870 510 3923 A
612 3868 777 3922 2111111111
795 3869 822 3922 A
925 3869 942 3922 3
965 3868 1193 3922 incolomitatibus
1216 3871 1242 3924 B
1262 3872 1322 3939 ple·

203 3971 317 4025 rumque
419 3958 495 4010 bost
512 3956 588 4010 nobie
606 3957 721 4010 fortasse
739 3956 766 4009 B
869 3957 1007 4026 Sprasces
1025 3958 1052 4011 A
1156 3958 1186 4011 11
1206 3961 1323 4013 remouet

202 4045 231 4098 A
257 4043 328 4112 1111
354 4044 459 4097 retinui
484 4048 590 4098 1111111
616 4048 743 4111 sequente
769 4041 866 4096 clausit
891 4044 923 4096 11
949 4042 1062 4107 1111111;
1093 4043 1145 4109 cfr.
1169 4044 1234 4098 Sita.
1257 4045 1321 4098 Ber.

147 4147 158 4168 ν
200 4132 288 4198 1124
322 4129 436 4185 remouit
454 4129 481 4182 B
589 4129 620 4182 17
643 4129 742 4184 friuula
758 4131 797 4184 so'e
814 4130 841 4182 A
858 4130 971 4197 ubique.-
997 4128 1095 4183 friuola
1113 4130 1140 4183 B
1157 4131 1256 4200 ubique

205 4215 239 4269 22
262 4216 358 4286 grandi
381 4232 414 4271 11
437 4215 537 4285 pande
554 4217 581 4270 A
599 4232 668 4272 corr.
687 4219 759 4271 m.2
861 4217 896 4270 24
917 4215 1092 4271 humanarum
1116 4234 1206 4271 rerum
1228 4218 1256 4272 B
