3076 4764
398 366 409 392 Ι
525 296 562 351 de
579 297 716 367 gubern.
735 296 787 350 dei
810 294 849 350 v1
871 299 886 361 1
904 295 1014 352 21-33.
1273 298 1334 363 133

208 488 335 570 uobis,
360 485 426 568 qui
448 485 608 565 ridetis,
632 485 811 568 quoniam
834 485 999 551 flebitis.
1039 489 1086 550 et:
1115 484 1242 564 beati,
1266 487 1333 568 qui

208 588 337 670 fletis,
370 590 557 672 quoniam
586 587 790 655 ridebitis.
829 589 916 653 nobis
945 590 1050 654 autem
1078 589 1178 653 ridere
1202 590 1233 653 et
1255 606 1332 672 gau·

207 692 279 758 ders
302 710 363 758 uon
385 692 514 770 sufficit,
547 691 607 757 nisi
631 710 702 756 oum
723 690 850 773 peccato
878 693 971 774 atque
999 692 1031 756 in
1053 691 1176 756 insania
1197 693 1332 773 gaudea-

208 812 286 873 mus,
310 794 370 860 nisi
392 796 472 860 risus
496 796 601 861 noster
622 794 856 877 impuritatibus
879 795 938 860 nisi
961 793 1090 878 flagitiis
1112 793 1288 861 misceatur.

185 937 199 979 s
250 914 306 981 Vl.
339 914 407 995 Qui,
429 934 512 1001 rogo,
543 915 593 980 hic
616 935 698 981 error
721 917 778 993 est,
809 933 886 997 quiae
910 913 1071 980 stultitia?
1094 913 1244 997 numquid
1267 914 1385 984 lae-30

207 1018 272 1084 tari
290 1019 415 1085 assidue
439 1019 470 1083 01
491 1019 591 1083 ridere
606 1036 668 1082 11011
691 1036 865 1100 possumus,
889 1015 950 1082 uisi
966 1016 1066 1082 risum
1082 1019 1223 1082 nostrum
1238 1018 1332 1098 atque

207 1119 362 1186 laetitiam
384 1122 484 1187 scelus
507 1139 573 1186 esse
592 1120 767 1186 iaciamus?
790 1137 829 1185 an
845 1120 925 1187 forte
940 1121 1167 1185 infructuosum
1183 1121 1330 1202 putamus

206 1225 353 1306 gaudium
377 1225 505 1306 simplex
527 1241 585 1288 nec
607 1223 742 1290 delcetat
759 1224 858 1288 ridere
873 1223 940 1288 sine
957 1222 1108 1288 crimine?
1131 1223 1222 1304 quod,
1247 1239 1331 1306 rogo,

206 1326 265 1392 hoc
285 1329 403 1392 malum
427 1331 474 1392 est
498 1329 552 1390 aut
575 1329 627 1409 qui
657 1326 767 1390 furori
804 1326 970 1405 rideamus,
1000 1344 1125 1410 quaeso,
1160 1325 1333 1407 quamlibet

173 1429 443 1496 roinmensuratim
476 1430 629 1494 laetemur
664 1430 835 1510 quamlibet
873 1429 1004 1512 iugiter,
1043 1431 1209 1495 dummodo
1243 1431 1332 1494 inuo-

207 1535 326 1609 canter,
358 1552 435 1616 quae
457 1532 602 1597 uecordia
625 1534 672 1596 est
695 1533 726 1596 01
748 1532 893 1608 amentia,
923 1535 958 1596 111
981 1550 1041 1596 nou
1064 1533 1210 1613 putemus
1234 1531 1331 1596 risum

206 1637 237 1700 et
258 1634 408 1720 gaudium
430 1635 511 1700 tanti
535 1653 612 1714 esse,
636 1634 698 1699 nisi
720 1634 753 1699 111
776 1653 809 1698 10
833 1634 881 1698 dei
906 1633 1050 1700 habuerit
1078 1634 1250 1700 iniuriam?
1283 1635 1332 1698 iu-

206 1737 320 1803 iuriam
357 1739 464 1820 utique
497 1743 528 1802 et
566 1739 691 1820 quidem
728 1739 907 1802 maximam.
953 1738 984 1802 111
1023 1737 1209 1820 spectaculis
1247 1737 1331 1802 enim
1342 1744 1381 1808 31

206 1841 394 1924 apostatatio
411 1843 562 1925 quasdam
578 1841 651 1905 fidei
667 1846 714 1906 est
731 1842 763 1905 et
778 1858 796 1905 a
812 1842 945 1924 symboli
968 1840 1068 1924 ipsius
1090 1843 1121 1906 et
1144 1841 1330 1906 caelestibus

173 1945 408 2010 msacramentis
437 1945 542 2010 letalis
570 1943 805 2026 praeuaricatio.
845 1947 993 2026 quaeest
1016 1947 1100 2008 euim
1122 1945 1155 2008 in
1177 1946 1333 2026 baptismo

206 2047 338 2113 salutari
361 2045 608 2113 Christianorum
630 2048 733 2129 primu
755 2048 931 2112 confessio?
969 2066 1048 2130 quae
1071 2048 1190 2114 scilicet
1213 2047 1273 2112 nisi
1295 2050 1331 2112 ut

206 2150 382 2216 renuntiare
416 2169 447 2215 se
484 2149 608 2216 diabolo
641 2169 677 2215 ac
709 2151 831 2233 pompis
866 2151 931 2214 eius
964 2151 995 2215 01
1023 2149 1208 2232 spectaculis
1236 2150 1330 2232 atque

207 2253 347 2338 operibus
368 2253 605 2336 protestentur?
629 2270 701 2335 ergo
723 2253 901 2334 spectacula
917 2258 949 2318 et
971 2271 1101 2336 pompae
1123 2253 1219 2316 etiam
1243 2254 1330 2318 iuxta

205 2361 342 2422 nostram
373 2357 594 2436 professionem
625 2373 716 2438 opera
745 2356 819 2421 sunt
840 2355 968 2421 diaboli.
1006 2358 1157 2438 quomodo
1179 2355 1288 2438 igitur,
1314 2361 1383 2428 032

173 2456 389 2536 soOhristiane,
412 2460 590 2540 spectacula
612 2459 683 2539 post
697 2457 889 2541 baptismum
907 2459 1055 2541 sequeris,
1080 2477 1158 2542 quac
1173 2477 1248 2539 opus
1264 2477 1331 2523 esse

207 2561 323 2626 diaboli
358 2561 540 2626 confiteris?
573 2562 761 2626 renuntiasti
794 2562 891 2626 semel
924 2562 1046 2627 diabolo
1081 2562 1113 2626 ct
1144 2561 1330 2642 spectaculis

207 2664 280 2746 eius,
316 2682 352 2728 ac
381 2683 437 2746 per
465 2666 523 2729 hoc
550 2683 671 2730 necesso
702 2669 749 2730 ast
778 2665 815 2729 ut
836 2668 972 2748 prudens
996 2667 1028 2730 et
1049 2665 1158 2749 sciens,
1193 2666 1267 2729 dum
1292 2665 1331 2731 ad

206 2768 382 2850 spectacula
403 2786 532 2845 remeas,
561 2768 600 2832 ad
631 2768 790 2833 diabolum
813 2770 844 2832 te
867 2770 966 2834 redire
990 2786 1166 2851 cognosces.
1205 2767 1331 2850 utrique

207 2871 286 2935 enim
319 2871 363 2934 rei
396 2872 490 2935 simul
524 2872 713 2937 renuntiasti
737 2874 767 2936 et
790 2892 887 2937 unum
921 2874 1087 2955 utrumque
1116 2892 1183 2938 esse
1212 2873 1331 2941 dixisti.

175 2973 233 3037 assi
264 2975 303 3038 ad
337 2993 433 3038 uuum
466 2976 640 3052 reuerteris,
679 2978 717 3040 ad
748 2977 915 3058 utrumque
952 2977 1107 3042 remeasti.
1145 2975 1331 3042 abrenuntio

164 3156 167 3161 Ι
207 3076 299 3157 enim,
322 3077 432 3159 inquis,
467 3077 588 3143 diabolo
617 3078 739 3160 pompis
762 3080 947 3160 spectaculis
970 3083 1002 3145 et
1025 3081 1166 3163 operibus
1188 3083 1262 3147 eius.
1301 3081 1332 3145 et

207 3181 279 3262 quid
306 3183 439 3264 postea?
478 3182 578 3261 credo,
611 3183 724 3264 inquis,
753 3182 786 3246 in
816 3182 908 3246 deum
936 3186 1057 3265 patrem
1086 3185 1331 3266 omnipotentem

207 3285 237 3348 et
258 3285 292 3349 in
313 3286 417 3349 Iesum
441 3283 600 3350 Christum
624 3285 725 3349 filium
748 3286 825 3349 eius.
864 3304 936 3369 ergo
968 3287 1106 3369 primum
1135 3286 1330 3350 renuntiatur

206 3384 326 3451 diabolo
348 3391 386 3452 ut
407 3388 550 3452 credatur
573 3388 638 3465 deo,
669 3387 742 3470 quia
763 3389 817 3470 qui
840 3407 899 3454 non
922 3391 1081 3455 renuntiat
1104 3388 1238 3469 diabolo,
1269 3393 1383 3459 1101133

255 3627 271 3680 3
284 3627 364 3694 atque
377 3626 483 3679 insania
494 3626 521 3679 Β
532 3632 564 3681 mt
576 3626 634 3681 mid.
647 3632 745 3681 etcum
758 3625 960 3683 0111101111
1050 3627 1067 3680 5
1079 3628 1138 3696 quis
1152 3628 1179 3681 Β
1193 3626 1331 3696 (sedidem

200 3711 288 3778 paam
301 3717 366 3780 post
387 3714 433 3780 qui
451 3713 536 3779 furor)
640 3714 740 3767 laetare
767 3713 794 3766 A
897 3714 1007 3782 8quid
1034 3715 1061 3767 B
1166 3714 1331 3783 mquidem

206 3796 364 3865 estquidam
381 3799 409 3851 A
427 3814 495 3853 corr.
514 3802 587 3854 m.2
692 3798 723 3853 14
747 3799 880 3867 apostatio
903 3800 1032 3867 quaedam
1055 3801 1095 3853 Aa
1122 3800 1252 3869 quaedam
1271 3816 1332 3870 upo-

205 3883 316 3936 statutio
334 3882 363 3936 Β
466 3884 581 3954 symboli
604 3885 661 3939 AB
684 3883 719 3951 cf.
738 3890 755 3949 5
773 3887 807 3940 33
825 3885 940 3954 symboli
958 3889 1123 3940 sacramenta
1143 3885 1281 3955 (symbolis
1299 3887 1331 3940 in

204 3983 271 4022 ceu
289 3968 403 4038 symboli
428 3970 627 4034 Brassicumms,
651 3971 727 4025 made
749 3971 780 4024 m
798 3968 859 4025 cdd.
879 3977 943 4025 aute
962 3972 1107 4026 Halmium
1119 3972 1261 4040 peraruit)

206 4052 236 4107 15
262 4055 365 4110 ladaalis
392 4057 440 4110 sed
466 4073 550 4126 smper
577 4073 593 4110 a
614 4059 711 4125 priore
738 4071 790 4114 aar.
816 4073 850 4112 m.
869 4061 887 4111 2
909 4073 924 4111 0
947 4059 975 4111 A
1078 4057 1211 4112 babtismo
1236 4059 1263 4112 B

205 4139 236 4193 l'i
258 4144 341 4209 utque
365 4144 553 4211 exspectaculis
572 4144 631 4211 (sic)
650 4147 677 4196 et
700 4141 823 4211 operibus
841 4143 868 4196 B
891 4145 1022 4210 (ceterum
1039 4144 1230 4212 exspectaculis
1248 4145 1331 4199 etium

204 4223 231 4276 A
247 4225 296 4280 aed
306 4228 357 4281 sud
369 4243 399 4282 ex
411 4229 511 4284 lineola
524 4229 619 4298 ducta)
721 4230 753 4283 19
766 4229 862 4298 igitur]
877 4246 938 4297 ergo
954 4231 980 4284 B
1077 4228 1112 4284 2l
1131 4231 1216 4285 eredis
1235 4231 1262 4283 B
