3076 4764
293 272 358 340 226
780 265 935 322 Saluiani

264 461 446 528 5oreseens.
480 461 536 526 ubi
565 461 648 526 enim
679 464 725 524 est
753 460 810 524 illa
833 476 916 522 nune
939 456 1052 522 eximia
1074 455 1174 522 forma
1196 458 1252 521 tua
1274 460 1305 521 et
1326 458 1423 523 totius

294 566 430 646 eorporis
453 563 676 647 pulchritudo?
708 563 763 627 ubi
785 561 866 625 illud
890 562 928 625 de
950 561 1034 625 uiuis
1057 560 1229 625 uirtutibus
1254 559 1318 624 tuis
1341 560 1423 625 diui·

293 686 404 733 norum
426 667 550 749 apicum
581 666 797 730 testimonium
822 665 947 730 diosus:
978 663 1262 728 multitudinis
1291 667 1424 728 autem

293 770 538 836 eredentium
567 773 653 835 erat
683 788 748 834 oor
770 769 810 832 st
832 769 962 834 anima
990 786 1078 846 una,
1109 771 1149 831 et
1179 786 1287 849 nemq
1317 768 1423 850 quio-

293 891 404 954 quam
434 891 478 936 ex
508 891 549 936 eo
583 872 684 953 quod
717 869 953 953 possidebat
984 888 1096 932 suum
1130 887 1214 932 esse
1248 871 1459 936 dicebats

293 976 381 1039 ouius
404 978 439 1039 tu
461 993 551 1056 nuno,
576 994 593 1040 o
613 975 701 1039 dolor
715 991 752 1038 ao
766 974 966 1037 lamentatio!
988 972 1156 1036 lectionem
1178 976 1304 1037 tantum
1326 975 1423 1040 habes

292 1078 445 1142 uirtutem
466 1095 528 1143 non
550 1078 655 1154 habes,
684 1077 795 1158 euiqus
816 1076 853 1140 tu
885 1075 1016 1140 seientia
1049 1077 1174 1139 tantum
1204 1078 1319 1141 interes
1351 1096 1431 1142 oon-¹

263 1183 422 1253 escientia
455 1182 538 1246 abes.
576 1183 712 1245 maxima
734 1180 849 1263 quippe
881 1197 963 1244 nuno
991 1178 1129 1243 filiorum
1163 1183 1289 1245 tuorum
1322 1181 1424 1263 portio

293 1285 525 1350 mortiferarum
547 1302 652 1349 rerum
675 1283 863 1366 negotiatrix
885 1283 934 1346 est
955 1282 1155 1365 propolisque
1177 1287 1209 1348 et
1230 1283 1423 1366 cauponibus

293 1389 407 1455 similis
440 1389 580 1470 terrenis,
614 1387 712 1452 immo
745 1385 902 1462 tartareis,
936 1386 1083 1467 perituris
1112 1387 1207 1451 simul
1237 1390 1459 1469 atqueper·1o

293 1489 442 1554 dentibus
466 1489 573 1554 studet
595 1488 753 1553 nundinis.
783 1489 870 1553 luoro
894 1487 977 1552 enim
998 1491 1147 1570 pecuniae
1165 1491 1314 1554 damnum
1337 1492 1423 1555 uitae

293 1597 440 1668 ementes,
463 1597 500 1658 ut
523 1595 688 1674 adquirant
703 1611 780 1674 quae
797 1611 859 1656 non
874 1594 948 1657 sunt
969 1611 1033 1671 sua,
1058 1593 1228 1676 prodigunt
1245 1612 1326 1676 quae
1349 1597 1424 1658 sunt

292 1715 358 1776 sua,
391 1698 577 1762 mandantes
611 1700 713 1778 terrae
745 1697 906 1761 thesauros
940 1697 1099 1761 luotuosos
1133 1697 1295 1763 heredibus
1328 1698 1423 1762 breue

293 1802 443 1882 gaudium
471 1800 651 1864 auctoribus
682 1799 812 1882 longum
841 1816 1014 1863 maerorem
1043 1800 1210 1877 adlaturos,
1245 1801 1423 1866 fraudantes

292 1922 353 1967 usu
383 1921 489 1967 rerum
517 1901 730 1985 praesentium
757 1902 825 1966 tam
855 1901 932 1966 alios
960 1917 1053 1983 quam
1075 1921 1110 1966 se
1131 1905 1225 1988 ipsos,
1243 1906 1421 1968 uendentes
1434 1931 1458 1971 15

233 2079 234 2082 Ἴ
292 2005 455 2089 profundis
489 2005 633 2087 specibus
666 2004 809 2069 infernas
839 2023 920 2087 opes,
954 2005 1051 2069 simul
1080 2007 1247 2086 pecuniam
1272 2025 1363 2072 suam
1386 2026 1424 2072 ao

276 2127 383 2190 *spem
411 2127 501 2174 suam
530 2108 719 2175 infodientes
741 2108 914 2172 seeundum
936 2107 1018 2172 illud
1040 2108 1160 2173 scilieet
1183 2110 1300 2175 domini
1323 2113 1421 2176 nost·

293 2215 429 2290 dietum,
463 2232 524 2296 quo
553 2213 614 2279 ait:
648 2212 717 2277 ubi
747 2213 872 2277 fuerit
894 2213 1107 2277 thesaurus
1129 2216 1241 2291 tuus,¹
1264 2214 1321 2280 ibi
1345 2216 1424 2280 erit

264 2320 282 2384 1
294 2320 334 2382 et
364 2336 428 2381 oon
455 2322 571 2382 tuum.
605 2317 749 2380 inuideat
779 2317 885 2398 itaque
913 2317 1009 2381 saluti
1037 2335 1111 2382 suae
1140 2318 1324 2400 animasque
1351 2336 1424 2401 pro-

291 2414 387 2502 prias,
410 2439 488 2503 quae
501 2418 654 2484 uocantur
667 2420 706 2483 ad
729 2419 858 2497 eaelum,
882 2418 1014 2484 terrenis
1036 2420 1225 2502 ponderibus
1248 2421 1282 2484 in
1304 2425 1458 2488 terrama

291 2528 447 2607 premunt.
479 2541 567 2588 mens
588 2522 671 2586 enim
693 2520 936 2586 thesaurizantis
960 2523 1145 2587 thesaurum
1168 2542 1260 2588 suum
1282 2526 1424 2606 sequitur

293 2627 325 2690 et
346 2627 442 2709 quasi
470 2627 504 2690 in
533 2626 680 2690 naturam
712 2623 874 2690 terrestris
906 2625 1101 2689 substantiae
1135 2625 1332 2705 demutatur,
1367 2646 1424 2692 neo

293 2730 395 2794 solum
423 2747 507 2794 nune
540 2729 593 2793 sed
620 2730 716 2794 etiam
747 2728 782 2791 in
803 2723 908 2792 futuro
931 2729 1024 2809 atque
1046 2732 1206 2810 perpetuo.
1243 2747 1317 2794 nam
1340 2749 1424 2813 oum,

293 2834 329 2894 ut
350 2832 503 2913 seriptum
532 2835 589 2909 est,
619 2835 691 2896 ante
721 2832 880 2896 hominem
909 2833 985 2895 uita·
999 2831 1117 2913 pariter
1139 2851 1174 2897 ao
1196 2850 1279 2897 mors
1303 2834 1367 2897 sint
1391 2836 1423 2898 et

293 2933 334 2997 ad
362 2937 444 3015 quod
477 2933 548 2998 uult
581 2953 709 2998 manum
739 2932 888 3017 porrigat,
919 2952 1046 2999 neeesse
1075 2939 1122 2998 est
1146 2955 1182 3000 ea
1210 2937 1459 3019 unusquisqueas

293 3036 457 3101 hominum
478 3037 512 3102 in
535 3037 720 3102 aeternitate
749 3038 921 3119 possideat,
953 3057 1032 3120 quae
1053 3039 1106 3102 hio
1135 3039 1225 3120 quasi
1247 3058 1343 3103 manu
1367 3058 1424 3104 sua

293 3140 359 3222 ipse
392 3141 571 3222 peruassrit,
606 3141 823 3221 uoluntatiqus
853 3159 890 3204 ao
918 3140 1093 3205 sententiae
1122 3160 1197 3205 suae
1228 3143 1351 3207 deditus
1374 3141 1424 3206 his

293 3244 327 3307 in
343 3243 457 3316 futuro
480 3243 649 3308 adhaereat
667 3243 857 3322 eondioione,
881 3242 995 3325 quibus
1018 3244 1069 3308 bio
1090 3244 1234 3308 adhaesit
1255 3245 1378 3309 affeetu.

262 3351 283 3416 8
335 3346 377 3412 ΙΙ.
407 3345 468 3412 Sed
486 3347 636 3411 uidelicet
658 3349 819 3410 immunes
830 3366 862 3410 se
876 3349 915 3411 ab
937 3347 996 3410 hoe
1010 3347 1132 3428 piaoulo
1155 3348 1283 3430 quidam
1299 3351 1423 3432 putant,

294 3452 347 3532 qui
369 3449 501 3516 fortasse
525 3467 636 3514 aurum
658 3469 695 3515 ao
722 3449 888 3515 facultates
911 3468 982 3515 suas
1005 3451 1037 3515 in
1060 3451 1143 3515 terra
1166 3469 1228 3516 non
1250 3451 1369 3517 habent
1392 3457 1460 3518 eteo

371 3639 374 3644 ·
394 3620 411 3673 a
429 3620 490 3675 111.
507 3621 532 3686 4,
551 3621 585 3673 32
689 3621 722 3674 rs
740 3620 848 3674 mareu·
860 3621 900 3686 11,
918 3620 936 3673 n

345 3775 358 3827 l
384 3774 479 3842 eximie
502 3773 587 3842 forme
607 3775 655 3842 tue,
679 3773 707 3828 Β
801 3772 1002 3827 ’2,111111111111111
1025 3775 1141 3844 apioum]
1165 3775 1215 3829 bor
1238 3776 1296 3830 loeo
1320 3776 1426 3845 epreqie

291 3859 411 3925 fulcitur
434 3859 560 3914 Hortelr‘a'
585 3860 748 3915 eoas‘eetwro
770 3858 804 3913 de
824 3860 885 3930 pah.
910 3859 983 3914 143
1008 3876 1043 3915 11
1065 3877 1121 3930 qua
1142 3861 1229 3930 apices
1248 3877 1300 3929 pro
1319 3861 1426 3929 rupices

291 3945 452 4013 scripsimus
520 3981 523 3986 ·
553 3946 572 4000 4
585 3953 651 4015 poet
668 3961 712 4000 eor
729 3946 756 3998 rt
774 3945 807 3999 ia
824 3961 875 4014 mp.
893 3962 928 4002 m.
945 3949 965 4000 2
982 3963 1080 4011 unum,
1097 3948 1178 4016 quod
1195 3953 1257 4015 etp
1275 3947 1356 4000 babet
1387 3989 1391 3994 .

292 4031 539 4100 9propulisquoe.
557 4049 645 4088 11111.
663 4049 678 4086 o
695 4033 763 4086 m.2
780 4032 836 4085 AB
902 4019 905 4025 ’
947 4034 980 4088 13
999 4034 1127 4087 luctuosis
1146 4035 1206 4103 (aio)
1224 4033 1252 4088 Β
1269 4033 1317 4088 aad
1334 4033 1373 4086 sis
1390 4049 1426 4089 m.

291 4134 345 4172 reo.
445 4119 478 4173 16
496 4119 617 4188 specibus
634 4119 755 4173 siser.
773 4119 926 4174 11111211
1020 4120 1162 4176 reuse:
1186 4121 1220 4174 ad
1238 4119 1265 4173 Β
1362 4121 1424 4174 &a

290 4220 344 4259 scr.
363 4220 396 4258 m.
415 4207 434 4259 2
451 4207 483 4258 ut
499 4205 527 4260 A
630 4205 664 4258 29
682 4204 802 4257 immune
819 4218 874 4258 esse
887 4206 920 4259 >B
1021 4205 1057 4258 30
1074 4206 1157 4260 habet
1175 4206 1202 4260 Β
