3076 4764
203 286 205 305 ι
225 249 287 316 128
531 246 552 267 ’“
601 265 607 273 ·
708 246 886 301 Saluitoni·

223 455 260 502 ee
281 437 359 515 loos,
382 455 436 518 per
459 453 537 518 quae
560 439 708 501 uenturas
731 435 869 500 hostium
892 441 1012 502 turmas
1035 436 1149 517 seiont,
1173 439 1227 505 aut
1248 437 1347 504 foueis

197 539 404 605 intercidere
437 539 493 604 eut
526 538 656 603 sudibus
689 539 859 622 praefigere
889 541 945 605 aut
971 539 1099 607 tribulis
1127 540 1277 606 infestare
1299 541 1347 606 di-

222 645 343 720 cuntur,
357 641 486 708 scilieet
509 645 547 706 ut
565 643 691 708 etiamsi
713 661 774 708 non
797 641 831 706 in
847 645 954 708 emnia
976 663 1013 708 aa
1036 643 1192 726 quispiam
1214 643 1346 724 ineidat,

199 780 201 784 >
221 746 326 810 nullus
348 745 745 828 tamenpenitus-euadat,
768 744 817 810 ita
838 744 932 810 etiam
955 746 1121 811 daemones
1143 750 1209 811 tem
1232 746 1348 812 multas

220 850 255 914 in
275 849 343 914 uita
358 847 420 913 iste
435 848 693 932 humanogeneri
708 847 937 914 inleeehrarum
952 846 1080 913 insidias
1096 851 1346 931 praetenderunt,
1369 871 1386 914 s

221 953 257 1018 ιιι
279 951 339 1017 etsi
371 951 522 1035 plurimas
555 969 663 1017 earnm
696 952 808 1036 aliquis
841 951 979 1036 effugiat,
1015 956 1123 1017 tamen
1152 969 1348 1036 quatumque

172 1054 212 1120 15
221 1056 371 1138 sapietur.
407 1054 587 1136 etquidem
599 1054 683 1136 quie
705 1056 837 1139 longum
861 1055 909 1120 est
923 1072 1005 1120 nune
1021 1057 1058 1120 de
1074 1056 1219 1135 omnibus
1233 1056 1347 1136 disere,

210 1158 614 1241 'amphitheatrislseilieet
637 1159 717 1224 ediis
751 1158 875 1224 lusoriis
896 1158 1028 1242 pompis
1057 1159 1186 1224 athletis
1212 1160 1347 1241 petami-

221 1260 318 1329 nariis
339 1261 541 1344 pantomimis
563 1261 733 1343 ueterisque
755 1262 918 1347 portentis,
941 1279 1019 1344 quae
1036 1262 1250 1346 pigetdioere‚
1274 1264 1346 1345 quia

143 1371 149 1383 '
220 1365 307 1451 piget
328 1366 449 1432 malum
471 1365 534 1432 tale
557 1365 728 1444 uelnesse,
753 1366 796 1430 de
813 1363 889 1430 solis
913 1364 1068 1437 eireerum
1083 1383 1125 1431 eo
1147 1366 1347 1432 theatrorum
1356 1391 1384 1432 se

220 1468 473 1552 impuritatibus
486 1470 565 1536 dieo.
596 1470 680 1536 talia
708 1470 791 1534 enim
820 1472 905 1544 sunt,
935 1485 1013 1550 quse
1042 1468 1228 1548 illiciunt,
1250 1471 1347 1535 ulrea

220 1590 282 1638 non
309 1572 411 1638 solum
439 1572 540 1640 disere
567 1575 622 1639 sed
651 1572 753 1639 etiam
774 1571 928 1638 reeordari
951 1571 1064 1654 aliquis
1086 1572 1152 1637 sine
1174 1572 1347 1655 pollutione

172 1673 212 1741 16
221 1693 295 1740 non*
310 1675 419 1757 possit
456 1676 531 1741 eliu¹
547 1676 660 1760 quippe
686 1675 819 1742 erimine
840 1675 978 1758 singulas
1001 1675 1061 1741 sibi
1083 1675 1181 1740 ferme
1202 1677 1236 1742 in
1259 1674 1347 1741 nohis

221 1778 382 1844 uindioant
403 1781 567 1864 portiones,
591 1784 627 1845 ut
648 1781 852 1859 cogitationes
873 1778 1017 1845 sordidae
1040 1779 1160 1845 animos
1182 1781 1219 1843 ut
1241 1779 1347 1860 impu·

200 1881 283 1946 diei
304 1883 450 1964 aspeotus
472 1883 577 1946 oeulos
603 1883 638 1946 ut
653 1881 778 1946 auditus
800 1881 933 1963 improbi
957 1898 1054 1964 aures,
1080 1882 1126 1947 ita
1147 1882 1192 1960 ut,
1216 1899 1288 1947 eum
1311 1900 1381 1947 exre

220 1983 270 2048 his
283 2002 392 2048 unum
425 1983 550 2066 aliquod
583 1985 745 2059 errauerit,
780 1984 912 2066 relique*
929 1986 1048 2067 possint
1064 1994 1174 2050 -earere
1197 1985 1346 2066 possetis.

221 2086 255 2152 in
277 2085 409 2153 theatris
443 2104 516 2152 uero
549 2087 630 2152 nihil
662 2088 772 2153 horum
804 2090 894 2151 reatu
916 2090 1017 2165 uacat,
1051 2089 1125 2169 quia
1147 2090 1179 2151 et
1202 2087 1346 2170 consupi-

221 2190 346 2256 seentiis
376 2189 475 2256 animi
502 2192 534 2256 et
561 2191 673 2256 auditu
703 2208 793 2255 aures
821 2194 853 2254 et
881 2190 1010 2272 aspectu
1039 2190 1122 2258 oeuli
1145 2191 1345 2273 polluuntur:

144 2324 146 2329 ·
221 2312 298 2377 quae
331 2292 455 2376 quidem
488 2295 594 2359 emnia
621 2296 688 2358 tarn
714 2291 875 2377 flagitiosa
900 2294 984 2371 sunt,
1018 2296 1054 2358 nt
1077 2292 1172 2358 etiem
1195 2293 1347 2374 expliesre

172 2395 211 2460 17
221 2415 258 2462 ea
279 2397 441 2478 quispiam·
458 2401 551 2478 atque
574 2396 677 2479 eloqui
700 2396 786 2461 saluo
807 2397 925 2479 pudere
939 2413 1002 2461 non
1024 2396 1138 2461 ualeat.
1169 2396 1241 2478 quis
1261 2395 1381 2460 enimse

219 2496 344 2584 integro
373 2501 576 2566 uerecundiae
605 2502 690 2564 statu
719 2499 819 2564 disere
848 2503 944 2581 quent
970 2499 1043 2565 illes
1068 2518 1178 2564 :rerum
1206 2499 1346 2581 turpium

193 2635 195 2641 ¹
221 2603 413 2669 imitationes
428 2602 502 2668 illas
517 2620 630 2668 ueeum
645 2619 682 2667 ae
693 2600 1096 2680 ,uerborumobsoenitatea
1112 2602 1185 2667 illas
1201 2603 1347 2668 motuum

220 2706 430 2788 turpitudines
463 2705 535 2770 illas
570 2708 716 2790 gestuum
744 2705 930 2777 foeditates?
963 2724 1041 2788 quae
1065 2706 1176 2787 quanti
1198 2706 1262 2771 sint
1284 2706 1345 2770 ori·

147 2821 150 2833 ¹
220 2808 315 2874 minis
336 2808 388 2872 uel
410 2807 484 2873 hino
506 2807 649 2892 intellegi
670 2811 785 2891 potest,
812 2810 892 2890 quod
916 2809 948 2873 et
970 2809 1153 2873 relationem
1175 2808 1225 2872 sui
1247 2809 1345 2872 inter-

84 2897 88 2902 *
208 2911 340 2976 *dieunt
368 2910 522 2984 nonnulla
541 2909 654 2993 quippe
670 2909 767 2976 etiam
781 2912 916 2982 maxima
938 2910 1226 2976 seelereineelumi
1248 2911 1381 2980 hone-es

220 3013 302 3078 stete
324 3011 487 3087 referentis
509 3012 541 3076 et
562 3012 725 3077 nominari
739 3014 771 3076 et
792 3015 881 3096 argui
903 3015 1051 3094 possunt,
1079 3016 1115 3082 ut
1138 3002 1344 3078 homicidium

206 3113 422 3192 latmdnium
443 3115 634 3181 adulterium
654 3115 854 3200 saerilegium
875 3119 1038 3198 ceteraque
1055 3117 1090 3181 in
1105 3115 1344 3183 hunemodum:

271 3404 388 3458 3etiam
407 3404 434 3457 B
450 3420 471 3459 s.
490 3405 508 3458 l.
609 3405 717 3459 incedet
734 3405 762 3458 A
872 3406 890 3458 4
913 3405 999 3460 multa
1020 3407 1076 3460 tem
1100 3403 1128 3459 B
1239 3405 1345 3460 Sodiss

220 3490 259 3543 A:
287 3489 375 3543 odinis
393 3490 421 3544 B
516 3489 627 3544 atlethis
645 3491 673 3544 B
768 3491 802 3544 12
819 3490 953 3545 recordere
971 3492 998 3544 A
1094 3492 1127 3545 14
1145 3491 1249 3545 animos
1270 3493 1345 3546 Tte:

195 3607 197 3611 ,
219 3575 325 3630 animus
344 3580 443 3644 punct.
457 3592 476 3628 -s
493 3580 519 3630 et
535 3577 619 3644 saper
637 3592 654 3628 u
672 3575 1126 3644 add..de'ee01a(2-.=enimum).m.
1146 3579 1166 3630 2
1183 3578 1211 3631 A
1239 3578 1344 3631 animus

219 3662 260 3727 B3
287 3661 326 3726 ef.
343 3661 431 3728 poete
449 3666 526 3729 poet:
553 3661 779 3730 concupiscentiis
804 3663 1103 3731 animi-polluuntur,
1126 3663 1224 3717 uhi-A
1251 3663 1344 3730 animi,

219 3746 247 3800 Β
260 3747 359 3800 heram
376 3745 481 3802 aninumr
493 3745 596 3812 hahet3·
609 3747 715 3817 erpodn
727 3747 768 3813 Ap
786 3753 817 3801 ret
828 3763 923 3815 saepe,
943 3765 961 3801 u
974 3753 1199 3816 etopermutata
1210 3755 1276 3803 ιιιιιι

213 3830 421 3899 ·16eliquid13
517 3832 549 3886 17
568 3834 648 3887 uooat
665 3833 694 3887 B
759 3833 822 3888 ³18
839 3833 943 3886 enimus
960 3833 1123 3901 BietTte)
1219 3836 1252 3889 21
1271 3840 1345 3890 uere·

220 3915 304 3984 eunde
321 3931 342 3971 s.
360 3931 412 3973 ser.
430 3917 492 3972 ihs.
504 3920 529 3972 2⁴
541 3917 569 3970 A
660 3920 757 3986 quaeat
774 3917 930 3986 eedpriere
947 3924 1073 3988 atpmeot.
1091 3936 1125 3974 m.
1138 3921 1203 3974 2-A
1297 3920 1345 3976 illa

196 4007 251 4068 (e.
269 4017 321 4056 ser.
339 4018 374 4056 m.
386 4004 447 4071 ιι)
465 4018 555 4056 rerum
571 4003 599 4057 A
617 4002 698 4071 (idern
715 4002 881 4058 melimine.
900 4019 952 4058 suo
970 4006 1040 4073 eum)
1114 4051 1117 4055 .
1135 4004 1168 4058 25
1187 4004 1284 4060 scelere
1301 4007 1343 4074 (ire

194 4087 269 4154 ιιι
286 4103 307 4142 a
325 4102 375 4143 ser.
394 4090 461 4143 ιιι
478 4092 505 4156 ι)
541 4088 666 4143 incolomi
684 4093 781 4157 (super
796 4103 811 4141 e
829 4089 929 4144 tertiae
945 4090 1004 4159 epil.
1017 4104 1068 4147 ser.
1087 4093 1116 4155 u)
1133 4091 1161 4144 A
1253 4091 1286 4147 26
1304 4108 1349 4146 re·

219 4173 334 4228 ferentes
352 4174 380 4227 A
725 4181 733 4198 ‘⁸
927 4204 928 4208 ι
1216 4189 1219 4199 ’
