3076 4764
223 273 287 339 286
713 270 869 324 Saluiani

225 460 400 525 delectabat
435 460 516 542 quod
551 460 640 524 heres
668 477 742 524 suus
769 459 848 525 bene
877 461 1063 543 epulabatur
1095 481 1189 543 quam
1216 461 1354 546 angebat

223 565 303 644 quod
325 563 391 644 ipse
414 563 497 626 male
522 562 730 638 cruciabatur,
753 580 816 627 non
830 563 957 627 tanturn
975 562 1150 629 delectabat
1165 567 1246 646 quod
1262 566 1353 631 heres

223 683 297 730 suus
320 666 353 729 in
376 665 539 746 exquisitis
572 664 695 729 deliciis
726 664 863 730 alluebat
893 684 988 747 quarn
1019 668 1153 750 angebat
1182 669 1263 750 quod
1286 670 1353 751 ipse

221 767 425 832 intolerandis
459 767 586 851 ignibus
620 767 784 847 defluebat,
819 786 880 832 non
910 772 1037 834 tantum
1066 770 1241 836 delectabat
1269 773 1354 853 quod

222 870 313 936 heres
336 888 411 936 suus
432 871 581 952 pascebat
603 870 758 951 parasitos
781 872 813 935 et
826 872 988 936 helluones
1005 873 1102 955 copiis
1118 875 1182 938 suis
1198 877 1353 955 quantum
1377 899 1389 937 e

170 972 358 1058 52angebat
388 973 469 1055 quod
497 975 563 1055 ipse
590 974 737 1054 pascebat
760 974 903 1039 flammas
925 975 1074 1039 medullis
1097 977 1171 1040 suis.
1210 978 1243 1041 et
1264 980 1352 1058 puto,

222 1077 251 1140 si
274 1077 342 1160 quis
364 1076 393 1140 ei
416 1078 492 1140 tunc
514 1077 650 1160 optionis
679 1077 799 1160 copiam
828 1078 1049 1159 praestitisset,
1072 1082 1219 1143 utrumne
1241 1079 1353 1145 mallet

223 1180 336 1245 diuites
365 1180 493 1246 heredes
523 1198 595 1244 suos
625 1199 692 1245 esse
713 1199 753 1245 an
775 1199 808 1244 se
830 1181 864 1244 in
886 1181 1018 1246 miseriis
1040 1182 1267 1265 tormentisque
1290 1200 1353 1247 non

223 1301 300 1366 esse,
324 1283 465 1347 uoluerat
486 1282 622 1365 proiecto
645 1283 717 1348 illos
741 1284 886 1348 omnibus
909 1284 998 1348 bonis
1020 1284 1160 1362 alienari,
1183 1285 1351 1350 dummodo

222 1386 275 1450 ille
298 1388 405 1467 posset
426 1387 519 1451 malis
539 1387 685 1452 omnibus
708 1387 842 1464 liberari,
866 1389 1010 1453 uoluerat
1024 1388 1135 1452 offerre
1151 1387 1256 1453 omnia
1272 1406 1388 1470 quaero

221 1492 411 1572 possederat,
435 1489 601 1555 dummodo
624 1491 770 1555 euaderet
792 1509 869 1573 quae
892 1492 1078 1572 perferebat,
1102 1491 1244 1555 uoluerat
1259 1509 1354 1555 cunc-

222 1598 288 1658 tam
316 1593 405 1658 illam
428 1593 641 1657 substantiam
664 1611 758 1675 quam
784 1593 938 1658 habuerat
961 1595 993 1658 et
1016 1594 1203 1676 temporales
1226 1593 1352 1677 argenti

223 1700 253 1760 et
276 1699 343 1760 auri
374 1695 535 1760 thesauros
566 1713 621 1777 pro
645 1715 677 1760 se
701 1697 784 1774 dare,
816 1700 851 1761 ut
873 1696 962 1778 iuges
986 1697 1211 1779 suppliciorum
1234 1699 1352 1761 inmor-

223 1799 336 1864 talium
366 1817 471 1862 cruoes
500 1799 532 1862 et
559 1817 693 1879 perenne
722 1800 801 1863 illud
827 1799 1006 1863 incendium
1028 1799 1213 1881 superiecta,
1240 1799 1267 1862 si
1290 1816 1350 1880 quo

223 1901 313 1965 modo
341 1903 455 1982 posset,
485 1901 670 1965 diuitiarum
698 1920 826 1966 suarum
853 1903 935 1966 mole
963 1903 1173 1988 restingueret
1202 1906 1232 1967 et
1254 1920 1386 1970 exuo-rc

224 2005 333 2069 dantes
355 2006 478 2088 ignium
501 2005 609 2088 globos
632 2005 775 2086 opposita
796 2005 972 2088 ingentium
989 2005 1177 2070 facultatum
1198 2003 1350 2069 inmensi-

153 2109 213 2176 ‘53
222 2109 289 2172 tate
312 2107 499 2189 prohiberet.
538 2110 569 2173 et
591 2109 665 2191 quid
689 2109 790 2172 dicam
812 2109 948 2173 uoluisse
963 2128 1045 2186 eum,
1068 2112 1104 2172 ut
1120 2107 1353 2173 interminabile

140 2192 143 2206 ⁸
221 2210 301 2277 illud
330 2212 449 2275 malum
480 2212 648 2277 redimeret
677 2213 882 2278 facultatibus
912 2214 999 2277 suis?
1030 2214 1101 2294 plus
1125 2211 1191 2277 dico
1214 2211 1351 2294 aliquid:

223 2315 362 2379 uoluerat
385 2332 509 2378 omnem
533 2313 742 2378 substantiam
766 2332 856 2378 suam
886 2315 1019 2392 tradere,
1052 2316 1087 2377 ut
1108 2315 1213 2395 posset
1235 2313 1296 2378 sibi
1319 2314 1352 2377 in

221 2416 358 2482 flammis
382 2417 462 2481 situs
479 2417 572 2481 unius
588 2416 694 2481 saltim
709 2416 804 2481 horae
820 2417 958 2498 requiem
975 2434 1147 2498 conparare.
1170 2416 1386 2483 desideransro

223 2520 307 2584 enim
329 2521 368 2585 ad
390 2519 581 2602 mitigandas
609 2519 748 2584 faucium
771 2519 915 2584 flammas
938 2520 989 2583 uel
1012 2520 1148 2584 tinctum
1171 2537 1251 2601 equa
1272 2537 1350 2601 pau-

221 2624 303 2704 peris
325 2623 459 2708 digitum
482 2624 635 2705 quomodo
658 2641 720 2686 non
737 2623 932 2705 quantolibet
946 2624 1047 2704 pretio
1062 2623 1194 2687 mercari
1210 2623 1350 2704 requiem

221 2727 475 2808 praeoptauerat,
513 2726 567 2808 qui
604 2744 737 2807 paruam
773 2725 928 2808 refrigerii
965 2729 1092 2807 guttam
1129 2730 1197 2790 tam
1236 2743 1350 2808 magno

170 2828 344 2896 54ambitu
376 2829 581 2911 postulabat?
618 2833 672 2895 sod
708 2829 772 2893 iam
802 2830 864 2894 ista
892 2829 968 2912 quid
997 2829 1162 2911 proderant
1191 2830 1246 2893 eut
1275 2829 1350 2911 quid

221 2933 351 2997 iuuabat
372 2933 521 2996 miserum
545 2932 626 3013 quod
647 2934 724 2997 tunc
746 2951 801 3014 pro
824 2951 857 2997 se
879 2932 989 2997 offerre
1012 2933 1115 2997 omnia
1138 2933 1272 3010 uolebat,
1296 2934 1350 3013 qui
1360 2963 1386 3002 es

222 3037 305 3099 male
327 3035 400 3098 ante
423 3036 590 3100 noluerat?
613 3038 663 3100 uel
686 3036 760 3118 quid
783 3037 859 3101 tunc
881 3036 1028 3118 proderat
1044 3036 1126 3118 quod
1148 3037 1223 3100 dare
1238 3034 1350 3099 cuncta

223 3139 376 3222 cupiebat,
406 3158 484 3221 quae
514 3138 579 3203 iam
609 3140 766 3218 emiserat,
798 3141 850 3221 qui
880 3139 959 3202 nihil
982 3142 1057 3202 tunc
1079 3156 1134 3220 pro
1157 3157 1189 3203 se
1211 3139 1349 3214 dederat,

222 3241 344 3323 quando
374 3243 479 3306 omnia
507 3242 711 3323 possidebat?
748 3260 816 3307 sera
843 3242 969 3323 quippe,
1000 3242 1037 3305 ut
1059 3241 1105 3306 ait
1127 3242 1162 3304 in
1184 3240 1349 3321 scripturis

221 3345 350 3426 spiritus
379 3347 515 3429 sanctus,
545 3363 615 3410 sera
644 3346 692 3408 est
714 3344 905 3427 paenitentia
934 3345 1138 3410 mortuorum.
1176 3341 1349 3425 quomodo?

273 3603 288 3655 1
312 3603 404 3671 qnam]
429 3604 560 3670 quantum
583 3601 623 3655 ed.
643 3601 781 3655 Betucius
884 3601 901 3653 2
925 3600 999 3653 heres
1024 3601 1069 3666 (ccc
1086 3598 1159 3651 heris
1177 3613 1247 3652 corr.
1265 3613 1300 3650 m.
1317 3597 1349 3662 2)

221 3688 277 3741 suis
299 3689 327 3742 A
429 3690 446 3742 3
471 3688 571 3741 diliciis
595 3687 710 3741 afiuobat
733 3687 788 3740 AB
891 3688 907 3741 5
925 3686 1000 3739 heres
1019 3701 1052 3739 coc
1069 3685 1142 3738 heris
1159 3685 1261 3738 iterum
1279 3697 1349 3736 corr.

220 3788 255 3826 m.
272 3775 293 3826 2
310 3773 338 3826 A
441 3775 540 3842 6puto
559 3789 592 3827 ecc
609 3775 677 3842 puta
693 3788 764 3829 corr.
781 3774 851 3826 Μ
868 3772 896 3825 Α
1000 3771 1033 3824 10
1049 3771 1135 3838 possit
1153 3771 1181 3823 A
1206 3770 1297 3838 posset
1315 3783 1350 3821 ec

220 3858 307 3923 poscit
324 3874 391 3914 corr.
409 3877 446 3914 m.
464 3862 484 3913 2
502 3860 572 3927 ΒΨ)
677 3860 708 3912 11
728 3857 881 3928 possederat
898 3874 932 3912 ecc
949 3857 1099 3926 possiderat
1117 3872 1185 3911 corr.
1203 3873 1236 3910 m.
1254 3857 1274 3909 2
1292 3854 1349 3907 AB

220 3943 365 4012 (possideat
381 3961 402 3999 s.
421 3961 474 4000 scr.
493 3962 507 3999 e
525 3951 582 4000 etr
600 3946 625 4011 b)
731 3946 764 3999 15
780 3944 866 4014 possit
884 3945 911 3997 A
937 3948 1027 4013 posset
1045 3960 1080 3998 occ
1097 3943 1183 4011 possit
1200 3957 1269 3996 corr.
1281 3942 1349 3994 Μ

220 4031 247 4084 Β
339 4030 372 4083 19
389 4034 479 4098 posset
496 4031 523 4084 B
543 4037 569 4085 et
587 4046 656 4085 corr.
674 4046 709 4084 ecc
727 4030 812 4099 possit
829 4030 857 4083 A
949 4030 983 4082 20
1000 4030 1095 4082 saltem
1115 4044 1150 4082 ea
1168 4027 1259 4081 saltim
1278 4041 1350 4082 corr·

220 4119 292 4170 Μ
314 4117 342 4169 A
445 4116 479 4170 22
504 4116 607 4184 praetio
634 4117 662 4169 A
764 4116 798 4169 27
824 4118 964 4169 amisserot
989 4115 1017 4168 A
1120 4114 1154 4168 29
1172 4121 1224 4182 quo
1242 4115 1270 4167 A
1296 4121 1349 4181 quo

221 4205 265 4270 (uo
280 4206 379 4270 ponet.
398 4207 423 4256 et
440 4217 461 4255 s.
479 4217 531 4256 eor.
550 4205 587 4270 m)
605 4202 633 4255 B
663 4203 796 4271 quomodo
814 4202 855 4258 ed.
873 4202 1010 4255 Betucius
