3076 4764
505 271 542 326 de
560 272 689 340 gubern.
709 271 763 326 dei
780 273 810 328 II
829 276 843 337 ξ
862 272 954 327 9-14.
1252 276 1296 341 35

165 462 367 544 generatam
390 460 493 525 malus
516 459 574 537 est,
597 459 651 540 qui
673 460 741 524 ideo
758 478 829 524 cum
844 460 908 524 ullo
930 460 1092 524 hominum
1116 462 1194 527 uelit
1217 481 1292 542 esse,

166 565 323 647 quianon
347 566 447 641 amet,
477 565 509 628 et
532 565 570 628 ad
594 562 650 627 hoc
679 564 802 628 tantum
825 562 873 627 uti
896 564 1069 647 praesentia
1098 583 1155 630 sua
1178 565 1293 649 cupiat,

166 670 201 732 ut
223 666 339 733 maiore
367 665 429 730 odii
458 666 564 731 fructu
592 666 690 746 possit
719 666 877 748 despicere
910 669 1114 749 praesentem.
1148 668 1215 748 ipsa
1238 686 1293 733 nos

165 770 217 834 uel
239 770 350 835 doceat
373 773 485 835 natura
513 770 650 834 humana
671 771 724 834 uel
747 768 868 850 uincat,
899 770 926 834 si
949 789 1010 836 non
1032 770 1100 834 ideo
1124 790 1195 836 cum
1218 788 1294 852 quo-

141 892 299 955 ecumque
323 872 446 938 homine
468 890 533 937 esse
556 872 707 954 cupimus,
732 873 805 954 quia
827 893 914 956 eum,
938 893 1009 938 cum
1033 892 1092 955 quo
1116 893 1182 939 osse
1206 874 1292 957 cupi-

165 995 251 1055 mus,
283 976 461 1060 diligamus.
496 979 528 1039 et
550 974 624 1056 quia
653 976 760 1057 utique
783 977 959 1060 diligimus,
988 979 1131 1062 prodesse
1153 978 1181 1041 ei
1204 996 1294 1061 prae·

165 1081 299 1144 sentiam
329 1080 469 1145 nostram
500 1080 658 1162 cupimus,
689 1098 780 1161 quem
812 1099 963 1144 amamus.
999 1079 1081 1162 quod
1103 1098 1174 1164 ergo
1197 1080 1293 1147 etiam

165 1184 247 1248 malo
270 1183 389 1248 homini
411 1183 532 1248 anferre
558 1202 619 1248 non
649 1201 829 1265 possumus,
861 1187 916 1250 deo
939 1185 1081 1248 tollimus
1105 1187 1137 1248 ot
1159 1184 1295 1267 peiorem

164 1286 307 1367 pessimis
331 1285 510 1351 hominibus
534 1288 627 1351 deum
649 1287 793 1365 facimus,
816 1289 869 1370 qui
892 1290 931 1353 ad
950 1287 1008 1351 hoo
1024 1287 1166 1352 futurum
1189 1287 1294 1352 nobis·

129 1418 154 1457 ro
165 1407 237 1454 oum
260 1409 294 1454 se
317 1409 383 1455 esse
398 1391 520 1467 dixerit,
545 1394 581 1454 nt
597 1390 787 1456 fastidiosius
803 1409 857 1455 nos
873 1390 1061 1474 neglegeret,
1087 1409 1156 1454 oum
1174 1389 1292 1455 fuisset.

163 1496 215 1558 sed
238 1494 314 1559 baec
335 1493 494 1559 hactenus.

205 1596 266 1661 ΙΙΙ.
300 1596 447 1679 Superest
470 1600 520 1678 nt,
552 1597 625 1679 quia
647 1597 837 1662 testimoniis
861 1598 958 1662 sacris
982 1596 1013 1660 et
1034 1594 1148 1677 respici
1172 1599 1204 1660 et
1225 1597 1293 1678 regi
1305 1592 1345 1657 13

163 1717 181 1763 a
203 1699 259 1765 deo
283 1703 387 1766 omnia
409 1702 472 1765 iam
494 1701 710 1783 probauimus,
743 1701 840 1765 etiam
868 1700 998 1766 iudicari
1020 1700 1157 1781 plurima
1179 1699 1213 1762 in
1235 1700 1292 1763 boo

163 1803 284 1867 saeculo
308 1822 326 1867 a
348 1804 513 1870 diuinitate
543 1805 716 1869 doceamus.
751 1805 854 1869 Dauid
885 1804 1009 1869 sanctus
1037 1821 1108 1868 cum
1132 1821 1150 1866 a
1171 1801 1291 1868 Nabale

87 1897 89 1902 ’
128 1903 304 1972 nCarmelo
328 1908 536 1973 contumeliae
559 1908 739 1991 pertulisset
761 1908 917 1987 iniuriam,
946 1910 1017 1990 quia
1040 1926 1073 1970 se
1094 1907 1161 1989 ipse
1185 1904 1292 1969 ulcisci

162 2008 302 2092 distulit,
337 2011 488 2077 ultionem
520 2011 629 2075 statim
662 2012 718 2076 deo
748 2015 923 2077 exsecutore
958 2009 1103 2095 percepit.
1152 2009 1290 2072 extincto

160 2109 266 2192 itaque
289 2113 381 2192 paulo
411 2116 481 2194 post
509 2113 685 2178 aduersario
709 2132 764 2178 suo
788 2116 819 2178 et
842 2133 938 2178 manu
962 2113 1088 2178 caelesti
1111 2112 1222 2176 obruto
1245 2111 1291 2176 sio

160 2213 283 2278 locutus
308 2217 369 2278 est:
399 2215 640 2281 benedictus
667 2217 860 2301 dominns,
890 2217 955 2298 qui
986 2215 1182 2280 iudicauit
1206 2233 1289 2278 cau·

159 2335 240 2380 sam
274 2317 477 2399 obprobrii
509 2317 583 2383 mei
613 2318 656 2381 de
689 2337 805 2382 manu
828 2318 966 2383 Nabal.
1001 2320 1132 2383 eundem
1167 2311 1343 2399 quoque14

125 2437 233 2486 acum
257 2418 398 2502 fugasset
413 2439 429 2484 e
444 2439 539 2502 regno
562 2421 647 2484 filius
671 2423 860 2501 persecutor,
885 2421 977 2485 iudex
993 2421 1024 2485 in
1040 2421 1128 2484 breui
1144 2420 1288 2484 dominus

159 2519 335 2586 uindicauit
364 2542 420 2587 nec
446 2523 620 2587 uindicauit
650 2523 772 2588 tantum
803 2524 858 2587 sed
888 2523 1077 2588 cumulatius
1101 2522 1287 2603 uindicauit‚

160 2642 252 2705 quam
275 2626 340 2706 ipse
362 2625 463 2690 uoluit
487 2627 539 2707 qui
561 2625 791 2704 uindicabatur,
816 2627 852 2691 nt
874 2628 1050 2691 ostenderet
1065 2624 1189 2690 scilicet
1213 2625 1288 2690 deus

159 2727 335 2804 grauiorem
365 2728 426 2793 sibi
456 2746 524 2792 esse
553 2729 702 2793 iniuriam
725 2729 844 2794 iniusta
867 2729 1068 2794 tolerantium
1092 2748 1187 2812 quam
1210 2729 1289 2792 tolo·

158 2830 301 2895 rantibus
325 2848 423 2894 suam.
448 2850 521 2895 nam
544 2832 596 2913 qui
620 2849 713 2913 supra
735 2833 844 2896 uotum
861 2834 925 2897 eius
944 2832 1092 2913 uindicat,
1117 2834 1169 2913 qui
1185 2830 1288 2896 uindi-

123 2961 149 3000 aa
159 2933 263 3017 catur,
288 2933 362 3016 quid
384 2933 470 2999 alind
498 2934 569 2998 uult
590 2934 733 3016 intellegi
763 2953 855 3016 quam
879 2936 1034 3017 seipsum
1057 2935 1090 2998 in
1113 2953 1163 3014 eo,
1197 2954 1289 3017 quem

159 3035 206 3100 sic
235 3035 412 3115 ulciscitur,
446 3036 622 3102 uindicari?
657 3039 725 3101 acto
757 3038 860 3121 itaque
890 3038 922 3103 in
951 3056 1073 3102 crucem
1103 3057 1163 3105 non
1193 3057 1288 3104 manu

158 3138 274 3204 factam
297 3139 361 3205 filio
384 3140 552 3224 parricida,
588 3140 759 3205 uindictam
790 3143 816 3206 ei
846 3141 998 3207 diuinitus
1028 3142 1215 3207 attributam
1244 3141 1288 3206 sic

157 3241 336 3307 nuntiatam
352 3243 449 3307 refert
463 3262 563 3308 sermo
580 3243 720 3308 diuinus:
744 3246 884 3309 bonum
908 3248 1069 3327 adporto
1093 3245 1286 3329 nuntium,

158 3344 309 3409 domine
331 3347 383 3411 mi
405 3365 487 3429 rex;
510 3346 708 3411 iudicauit
724 3347 823 3411 enim
840 3366 907 3428 pro
924 3351 961 3411 te
977 3348 1090 3413 bodie
1106 3347 1286 3411 dominus

122 3446 203 3513 sodo
226 3467 339 3512 manu
362 3450 547 3534 omniurn,
573 3449 640 3531 qui
663 3455 922 3515 surrexerant
945 3451 1082 3515 contra
1104 3451 1151 3514 te.

200 3551 278 3617 IIII.
306 3552 410 3631 Vides,
435 3553 585 3635 quomodo
610 3572 671 3617 non
693 3554 785 3618 rebus
807 3555 941 3638 tantum,
965 3554 1117 3635 utsupra
1139 3553 1283 3631 diximus,
1298 3551 1339 3616 15

261 3725 294 3778 18
313 3723 328 3778 Ι
345 3723 409 3793 ch.
429 3725 470 3791 25,
489 3725 522 3777 39
627 3724 789 3793 2811ch.
808 3725 849 3788 18,
867 3725 899 3778 31

209 3861 334 3915 luellet
349 3861 377 3914 A
480 3861 557 3914 3uel
579 3877 628 3914 nos
653 3861 745 3916 doceat
764 3862 791 3916 B
893 3860 1050 3914 thumana
1068 3862 1166 3915 natura
1188 3862 1216 3915 B

156 3963 215 4000 cum
234 3953 298 4001 ante
316 3963 482 4016 quocumque
506 3963 556 4000 oro.
584 3948 611 4001 B
731 3946 878 4002 8homino
901 3949 928 4002 A
1049 3948 1137 4015 9qui
1155 3948 1204 4019 ad]
1218 3949 1286 4018 quid

155 4033 183 4086 A
287 4035 320 4087 12
344 4035 407 4102 quia
425 4049 475 4087 om.
496 4034 524 4087 B
547 4038 617 4087 m.1
720 4051 750 4088 ac
773 4034 831 4103 regi
856 4035 883 4089 B
988 4033 1019 4088 15
1043 4035 1166 4088 carmelio
1188 4035 1216 4088 B

157 4118 189 4171 16
207 4121 342 4172 executore
361 4119 388 4172 B
480 4120 580 4186 recapit
597 4120 835 4174 molitHortclioe
929 4119 960 4173 17
980 4135 1026 4172 suo
1044 4134 1093 4173 om.
1113 4119 1214 4174 ΒΜ

155 4203 189 4258 25
206 4203 330 4273 intellegi
350 4221 399 4259 om.
414 4204 442 4258 B
454 4208 518 4259 ou1
603 4204 638 4258 28
655 4205 767 4274 adporto
780 4203 827 4260 sed
845 4221 862 4273 p
880 4205 921 4260 lit.
933 4221 993 4275 sap.
1013 4205 1093 4260 decr.
1105 4209 1171 4260 m.2
1188 4206 1216 4259 A

1144 4309 1182 4362 3*
