<?xml version="1.0" encoding="UTF-8"?>
<!DOCTYPE html PUBLIC "-//W3C//DTD XHTML 1.0 Transitional//EN"
    "http://www.w3.org/TR/xhtml1/DTD/xhtml1-transitional.dtd">
<html xmlns="http://www.w3.org/1999/xhtml" xml:lang="en" lang="en">
 <head>
  <title>
</title>
<meta http-equiv="Content-Type" content="text/html;charset=utf-8" />
  <meta name='ocr-system' content='tesseract 3.04.00' />
  <meta name='ocr-capabilities' content='ocr_page ocr_carea ocr_par ocr_line ocrx_word'/>
</head>
<body>
  <div class='ocr_page' id='page_1' title='image "./salvianipresbyt00salvgoog_0210.png"; bbox 0 0 3076 4764; ppageno 0'>
   <div class='ocr_carea' id='block_1_1' title="bbox 523 270 1342 346">
    <p class='ocr_par' dir='ltr' id='par_1_1' title="bbox 523 270 1342 346">
     <span class='ocr_line' id='line_1_1' title="bbox 523 270 1342 346; baseline 0.022 -22"><span class='ocrx_word' id='word_1_1' title='bbox 523 270 560 326; x_wconf 85' lang='lat' dir='ltr'><strong>de</strong></span> <span class='ocrx_word' id='word_1_2' title='bbox 577 270 713 341; x_wconf 81' lang='lat' dir='ltr'><strong>gubern.</strong></span> <span class='ocrx_word' id='word_1_3' title='bbox 732 271 784 326; x_wconf 89' lang='lat' dir='ltr'><strong>dei</strong></span> <span class='ocrx_word' id='word_1_4' title='bbox 803 272 857 328; x_wconf 86' lang='lat' dir='ltr'><strong>VII</strong></span> <span class='ocrx_word' id='word_1_5' title='bbox 875 277 890 338; x_wconf 66' lang='grc' dir='ltr'><strong>ἕ</strong></span> <span class='ocrx_word' id='word_1_6' title='bbox 908 273 1035 330; x_wconf 86' lang='grc'><strong>99-104.</strong></span> <span class='ocrx_word' id='word_1_7' title='bbox 1281 276 1342 346; x_wconf 84' lang='grc'><strong>189</strong></span> 
     </span>
    </p>
   </div>
   <div class='ocr_carea' id='block_1_2' title="bbox 173 460 1417 3329">
    <p class='ocr_par' dir='ltr' id='par_1_2' title="bbox 191 460 1410 1371">
     <span class='ocr_line' id='line_1_2' title="bbox 206 460 1340 550; baseline 0.004 -23"><span class='ocrx_word' id='word_1_8' title='bbox 206 462 376 547; x_wconf 72' lang='lat' dir='ltr'><strong>pussilli,</strong></span> <span class='ocrx_word' id='word_1_9' title='bbox 406 461 578 545; x_wconf 89' lang='lat' dir='ltr'><strong>dequibus</strong></span> <span class='ocrx_word' id='word_1_10' title='bbox 608 460 772 544; x_wconf 88' lang='lat' dir='ltr'><strong>loquimur.</strong></span> <span class='ocrx_word' id='word_1_11' title='bbox 807 466 942 541; x_wconf 83' lang='lat' dir='ltr'><strong>uxorem,</strong></span> <span class='ocrx_word' id='word_1_12' title='bbox 966 463 1069 547; x_wconf 90' lang='lat' dir='ltr'><strong>iuquit</strong></span> <span class='ocrx_word' id='word_1_13' title='bbox 1092 463 1241 544; x_wconf 77' lang='lat' dir='ltr'><strong>Socrates,</strong></span> <span class='ocrx_word' id='word_1_14' title='bbox 1268 484 1340 550; x_wconf 90' lang='lat' dir='ltr'><strong>pro·</strong></span> 
     </span>
     <span class='ocr_line' id='line_1_3' title="bbox 215 564 1341 649; baseline 0.004 -19"><span class='ocrx_word' id='word_1_15' title='bbox 215 565 316 649; x_wconf 84' lang='lat' dir='ltr'>priam</span> <span class='ocrx_word' id='word_1_16' title='bbox 345 565 451 630; x_wconf 88' lang='lat' dir='ltr'><strong>nullus</strong></span> <span class='ocrx_word' id='word_1_17' title='bbox 485 564 612 642; x_wconf 89' lang='lat' dir='ltr'><strong>habeat,</strong></span> <span class='ocrx_word' id='word_1_18' title='bbox 648 565 846 631; x_wconf 87' lang='lat' dir='ltr'><strong>matrimonia</strong></span> <span class='ocrx_word' id='word_1_19' title='bbox 875 566 957 631; x_wconf 92' lang='lat' dir='ltr'><strong>enim</strong></span> <span class='ocrx_word' id='word_1_20' title='bbox 985 566 1104 631; x_wconf 88' lang='lat' dir='ltr'><strong>cunctis</strong></span> <span class='ocrx_word' id='word_1_21' title='bbox 1134 568 1246 633; x_wconf 87' lang='lat' dir='ltr'><strong>debent</strong></span> <span class='ocrx_word' id='word_1_22' title='bbox 1275 586 1341 634; x_wconf 90' lang='lat' dir='ltr'><strong>esse</strong></span> 
     </span>
     <span class='ocr_line' id='line_1_4' title="bbox 216 667 1340 751; baseline 0.002 -17"><span class='ocrx_word' id='word_1_23' title='bbox 216 669 410 751; x_wconf 82' lang='lat' dir='ltr'><strong>communia3</strong></span> <span class='ocrx_word' id='word_1_24' title='bbox 445 669 490 733; x_wconf 88' lang='lat' dir='ltr'><strong>sic</strong></span> <span class='ocrx_word' id='word_1_25' title='bbox 521 685 655 750; x_wconf 88' lang='lat' dir='ltr'><strong>namque</strong></span> <span class='ocrx_word' id='word_1_26' title='bbox 688 667 786 732; x_wconf 86' lang='lat' dir='ltr'><strong>maior</strong></span> <span class='ocrx_word' id='word_1_27' title='bbox 820 668 880 733; x_wconf 92' lang='lat' dir='ltr'><strong>erit</strong></span> <span class='ocrx_word' id='word_1_28' title='bbox 913 672 1072 735; x_wconf 87' lang='lat' dir='ltr'><strong>concordia</strong></span> <span class='ocrx_word' id='word_1_29' title='bbox 1106 668 1281 750; x_wconf 86' lang='lat' dir='ltr'><strong>ciuitatum,</strong></span> <span class='ocrx_word' id='word_1_30' title='bbox 1313 672 1340 736; x_wconf 91' lang='lat' dir='ltr'><strong>si</strong></span> 
     </span>
     <span class='ocr_line' id='line_1_5' title="bbox 214 769 1339 840; baseline 0.003 -4"><span class='ocrx_word' id='word_1_31' title='bbox 214 789 320 837; x_wconf 91' lang='lat' dir='ltr'><strong>omnes</strong></span> <span class='ocrx_word' id='word_1_32' title='bbox 352 771 414 836; x_wconf 88' lang='lat' dir='ltr'><strong>uiri</strong></span> <span class='ocrx_word' id='word_1_33' title='bbox 448 770 572 836; x_wconf 90' lang='lat' dir='ltr'><strong>feminis</strong></span> <span class='ocrx_word' id='word_1_34' title='bbox 605 771 671 834; x_wconf 91' lang='lat' dir='ltr'><strong>sine</strong></span> <span class='ocrx_word' id='word_1_35' title='bbox 704 769 891 837; x_wconf 72' lang='lat' dir='ltr'><strong>discretione</strong></span> <span class='ocrx_word' id='word_1_36' title='bbox 918 774 1061 840; x_wconf 90' lang='lat' dir='ltr'><strong>omnibus</strong></span> <span class='ocrx_word' id='word_1_37' title='bbox 1089 773 1280 839; x_wconf 71' lang='lat' dir='ltr'><strong>misceantur</strong></span> <span class='ocrx_word' id='word_1_38' title='bbox 1307 778 1339 839; x_wconf 91' lang='lat' dir='ltr'><strong>et</strong></span> 
     </span>
     <span class='ocr_line' id='line_1_6' title="bbox 191 871 1338 967; baseline 0.005 -30"><span class='ocrx_word' id='word_1_39' title='bbox 191 893 319 941; x_wconf 76' lang='lat' dir='ltr'><strong>somnes</strong></span> <span class='ocrx_word' id='word_1_40' title='bbox 342 893 374 940; x_wconf 91' lang='lat' dir='ltr'><strong>se</strong></span> <span class='ocrx_word' id='word_1_41' title='bbox 396 875 516 940; x_wconf 89' lang='lat' dir='ltr'><strong>scilieet</strong></span> <span class='ocrx_word' id='word_1_42' title='bbox 537 871 671 937; x_wconf 85' lang='lat' dir='ltr'><strong>feminae</strong></span> <span class='ocrx_word' id='word_1_43' title='bbox 694 873 837 938; x_wconf 89' lang='lat' dir='ltr'><strong>omuibus</strong></span> <span class='ocrx_word' id='word_1_44' title='bbox 859 875 937 967; x_wconf 80' lang='lat' dir='ltr'><strong>piris</strong></span> <span class='ocrx_word' id='word_1_45' title='bbox 959 874 1025 940; x_wconf 90' lang='lat' dir='ltr'><strong>sine</strong></span> <span class='ocrx_word' id='word_1_46' title='bbox 1042 874 1242 942; x_wconf 88' lang='lat' dir='ltr'><strong>distinctione</strong></span> <span class='ocrx_word' id='word_1_47' title='bbox 1265 879 1338 944; x_wconf 89' lang='lat' dir='ltr'><strong>sub-</strong></span> 
     </span>
     <span class='ocr_line' id='line_1_7' title="bbox 213 976 1337 1065; baseline 0.001 -22"><span class='ocrx_word' id='word_1_48' title='bbox 213 980 362 1058; x_wconf 87' lang='lat' dir='ltr'><strong>stomaut,</strong></span> <span class='ocrx_word' id='word_1_49' title='bbox 396 976 481 1042; x_wconf 89' lang='lat' dir='ltr'><strong>acsi</strong></span> <span class='ocrx_word' id='word_1_50' title='bbox 509 976 586 1041; x_wconf 88' lang='lat' dir='ltr'><strong>fiant</strong></span> <span class='ocrx_word' id='word_1_51' title='bbox 614 993 721 1041; x_wconf 89' lang='lat' dir='ltr'><strong>omnes</strong></span> <span class='ocrx_word' id='word_1_52' title='bbox 750 976 811 1042; x_wconf 89' lang='lat' dir='ltr'><strong>uiri</strong></span> <span class='ocrx_word' id='word_1_53' title='bbox 845 980 984 1043; x_wconf 90' lang='lat' dir='ltr'><strong>omnium</strong></span> <span class='ocrx_word' id='word_1_54' title='bbox 1019 979 1187 1044; x_wconf 86' lang='lat' dir='ltr'><strong>mulierum</strong></span> <span class='ocrx_word' id='word_1_55' title='bbox 1220 980 1337 1065; x_wconf 86' lang='lat' dir='ltr'><strong>mariti,</strong></span> 
     </span>
     <span class='ocr_line' id='line_1_8' title="bbox 212 1079 1410 1164; baseline 0.002 -18"><span class='ocrx_word' id='word_1_56' title='bbox 212 1090 328 1146; x_wconf 81' lang='lat' dir='ltr'><strong>omnes‘</strong></span> <span class='ocrx_word' id='word_1_57' title='bbox 341 1080 475 1146; x_wconf 87' lang='lat' dir='ltr'><strong>feminae</strong></span> <span class='ocrx_word' id='word_1_58' title='bbox 498 1080 638 1146; x_wconf 91' lang='lat' dir='ltr'><strong>uirorum</strong></span> <span class='ocrx_word' id='word_1_59' title='bbox 655 1079 794 1145; x_wconf 91' lang='lat' dir='ltr'><strong>omnium</strong></span> <span class='ocrx_word' id='word_1_60' title='bbox 816 1098 934 1146; x_wconf 86' lang='lat' dir='ltr'><strong>uxores.</strong></span> <span class='ocrx_word' id='word_1_61' title='bbox 968 1083 1120 1164; x_wconf 91' lang='lat' dir='ltr'><strong>numquid</strong></span> <span class='ocrx_word' id='word_1_62' title='bbox 1142 1083 1244 1148; x_wconf 90' lang='lat' dir='ltr'><strong>ullum</strong></span> <span class='ocrx_word' id='word_1_63' title='bbox 1267 1081 1410 1149; x_wconf 80' lang='lat' dir='ltr'><strong>um-102</strong></span> 
     </span>
     <span class='ocr_line' id='line_1_9' title="bbox 212 1182 1337 1268; baseline 0.002 -18"><span class='ocrx_word' id='word_1_64' title='bbox 212 1203 305 1268; x_wconf 87' lang='lat' dir='ltr'><strong>quam</strong></span> <span class='ocrx_word' id='word_1_65' title='bbox 328 1185 383 1249; x_wconf 86' lang='lat' dir='ltr'><strong>out</strong></span> <span class='ocrx_word' id='word_1_66' title='bbox 405 1183 591 1248; x_wconf 87' lang='lat' dir='ltr'><strong>freneticum</strong></span> <span class='ocrx_word' id='word_1_67' title='bbox 615 1184 670 1247; x_wconf 89' lang='lat' dir='ltr'><strong>aut</strong></span> <span class='ocrx_word' id='word_1_68' title='bbox 685 1182 929 1262; x_wconf 85' lang='lat' dir='ltr'><strong>daemoniacum,</strong></span> <span class='ocrx_word' id='word_1_69' title='bbox 954 1183 1042 1249; x_wconf 84' lang='lat' dir='ltr'><strong>uaria</strong></span> <span class='ocrx_word' id='word_1_70' title='bbox 1057 1184 1251 1251; x_wconf 81' lang='lat' dir='ltr'><strong>insaniarum</strong></span> <span class='ocrx_word' id='word_1_71' title='bbox 1266 1187 1337 1252; x_wconf 88' lang='lat' dir='ltr'><strong>labe</strong></span> 
     </span>
     <span class='ocr_line' id='line_1_10' title="bbox 212 1287 1333 1371; baseline 0.001 -19"><span class='ocrx_word' id='word_1_72' title='bbox 212 1287 377 1371; x_wconf 83' lang='lat' dir='ltr'><strong>furiosum,</strong></span> <span class='ocrx_word' id='word_1_73' title='bbox 411 1289 474 1353; x_wconf 89' lang='lat' dir='ltr'><strong>tale</strong></span> <span class='ocrx_word' id='word_1_74' title='bbox 503 1287 622 1370; x_wconf 85' lang='lat' dir='ltr'><strong>aliquid</strong></span> <span class='ocrx_word' id='word_1_75' title='bbox 655 1288 795 1351; x_wconf 92' lang='lat' dir='ltr'><strong>locutum</strong></span> <span class='ocrx_word' id='word_1_76' title='bbox 824 1305 889 1351; x_wconf 90' lang='lat' dir='ltr'><strong>esse</strong></span> <span class='ocrx_word' id='word_1_77' title='bbox 924 1287 1148 1370; x_wconf 83' lang='lat' dir='ltr'><strong>cognouimus?</strong></span> <span class='ocrx_word' id='word_1_78' title='bbox 1180 1291 1216 1353; x_wconf 88' lang='lat' dir='ltr'><strong>tu</strong></span> <span class='ocrx_word' id='word_1_79' title='bbox 1244 1289 1333 1369; x_wconf 90' lang='lat' dir='ltr'><strong>dicis,</strong></span> 
     </span>
    </p>

    <p class='ocr_par' dir='ltr' id='par_1_3' title="bbox 176 1383 1337 1885">
     <span class='ocr_line' id='line_1_11' title="bbox 176 1383 1337 1473; baseline 0.003 -19"><span class='ocrx_word' id='word_1_80' title='bbox 176 1391 343 1456; x_wconf 82' lang='lat' dir='ltr'><strong>amaxime</strong></span> <span class='ocrx_word' id='word_1_81' title='bbox 371 1389 640 1473; x_wconf 88' lang='lat' dir='ltr'><strong>philosophorum,</strong></span> <span class='ocrx_word' id='word_1_82' title='bbox 669 1387 729 1454; x_wconf 90' lang='lat' dir='ltr'><strong>hac</strong></span> <span class='ocrx_word' id='word_1_83' title='bbox 756 1383 878 1454; x_wconf 87' lang='lat' dir='ltr'><strong>ratione</strong></span> <span class='ocrx_word' id='word_1_84' title='bbox 908 1407 1014 1454; x_wconf 90' lang='lat' dir='ltr'><strong>omnes</strong></span> <span class='ocrx_word' id='word_1_85' title='bbox 1042 1389 1126 1454; x_wconf 90' lang='lat' dir='ltr'><strong>uiros</strong></span> <span class='ocrx_word' id='word_1_86' title='bbox 1156 1408 1223 1456; x_wconf 89' lang='lat' dir='ltr'><strong>esse</strong></span> <span class='ocrx_word' id='word_1_87' title='bbox 1245 1391 1337 1458; x_wconf 84' lang='lat' dir='ltr'><strong>femi·</strong></span> 
     </span>
     <span class='ocr_line' id='line_1_12' title="bbox 210 1491 1336 1561; baseline 0.003 -3"><span class='ocrx_word' id='word_1_88' title='bbox 210 1510 320 1558; x_wconf 90' lang='lat' dir='ltr'><strong>narum</strong></span> <span class='ocrx_word' id='word_1_89' title='bbox 349 1493 490 1558; x_wconf 90' lang='lat' dir='ltr'><strong>omnium</strong></span> <span class='ocrx_word' id='word_1_90' title='bbox 517 1495 647 1558; x_wconf 88' lang='lat' dir='ltr'><strong>maritos</strong></span> <span class='ocrx_word' id='word_1_91' title='bbox 670 1496 702 1556; x_wconf 90' lang='lat' dir='ltr'><strong>et</strong></span> <span class='ocrx_word' id='word_1_92' title='bbox 730 1511 837 1558; x_wconf 91' lang='lat' dir='ltr'><strong>omnes</strong></span> <span class='ocrx_word' id='word_1_93' title='bbox 866 1491 997 1557; x_wconf 88' lang='lat' dir='ltr'><strong>feminas</strong></span> <span class='ocrx_word' id='word_1_94' title='bbox 1029 1492 1168 1560; x_wconf 90' lang='lat' dir='ltr'><strong>uirorum</strong></span> <span class='ocrx_word' id='word_1_95' title='bbox 1197 1495 1336 1561; x_wconf 93' lang='lat' dir='ltr'><strong>omnium</strong></span> 
     </span>
     <span class='ocr_line' id='line_1_13' title="bbox 210 1595 1334 1678; baseline 0.002 -18"><span class='ocrx_word' id='word_1_96' title='bbox 210 1613 317 1661; x_wconf 83' lang='lat' dir='ltr'><strong>uxores</strong></span> <span class='ocrx_word' id='word_1_97' title='bbox 340 1600 371 1661; x_wconf 89' lang='lat' dir='ltr'><strong>et</strong></span> <span class='ocrx_word' id='word_1_98' title='bbox 394 1596 541 1678; x_wconf 87' lang='lat' dir='ltr'><strong>paruulos</strong></span> <span class='ocrx_word' id='word_1_99' title='bbox 569 1612 675 1660; x_wconf 90' lang='lat' dir='ltr'><strong>omnes</strong></span> <span class='ocrx_word' id='word_1_100' title='bbox 704 1597 843 1660; x_wconf 91' lang='lat' dir='ltr'><strong>omnium</strong></span> <span class='ocrx_word' id='word_1_101' title='bbox 872 1595 962 1660; x_wconf 88' lang='lat' dir='ltr'><strong>filios.</strong></span> <span class='ocrx_word' id='word_1_102' title='bbox 999 1597 1032 1660; x_wconf 90' lang='lat' dir='ltr'><strong>at</strong></span> <span class='ocrx_word' id='word_1_103' title='bbox 1055 1612 1111 1678; x_wconf 86' lang='lat' dir='ltr'><strong>ego</strong></span> <span class='ocrx_word' id='word_1_104' title='bbox 1134 1596 1192 1661; x_wconf 90' lang='lat' dir='ltr'><strong>hac</strong></span> <span class='ocrx_word' id='word_1_105' title='bbox 1212 1597 1334 1662; x_wconf 89' lang='lat' dir='ltr'><strong>ratione</strong></span> 
     </span>
     <span class='ocr_line' id='line_1_14' title="bbox 211 1698 1334 1782; baseline 0 -17"><span class='ocrx_word' id='word_1_106' title='bbox 211 1700 280 1765; x_wconf 90' lang='lat' dir='ltr'><strong>dico</strong></span> <span class='ocrx_word' id='word_1_107' title='bbox 301 1717 400 1782; x_wconf 91' lang='lat' dir='ltr'><strong>neque</strong></span> <span class='ocrx_word' id='word_1_108' title='bbox 422 1699 524 1763; x_wconf 89' lang='lat' dir='ltr'><strong>ullum</strong></span> <span class='ocrx_word' id='word_1_109' title='bbox 546 1698 650 1762; x_wconf 90' lang='lat' dir='ltr'><strong>uirum</strong></span> <span class='ocrx_word' id='word_1_110' title='bbox 672 1698 768 1764; x_wconf 90' lang='lat' dir='ltr'><strong>ullius</strong></span> <span class='ocrx_word' id='word_1_111' title='bbox 790 1698 925 1763; x_wconf 90' lang='lat' dir='ltr'><strong>feminae</strong></span> <span class='ocrx_word' id='word_1_112' title='bbox 947 1698 1212 1782; x_wconf 82' lang='lat' dir='ltr'><strong>maritumaeque</strong></span> <span class='ocrx_word' id='word_1_113' title='bbox 1235 1700 1334 1765; x_wconf 88' lang='lat' dir='ltr'><strong>ullam</strong></span> 
     </span>
     <span class='ocr_line' id='line_1_15' title="bbox 209 1801 1335 1885; baseline 0.002 -19"><span class='ocrx_word' id='word_1_114' title='bbox 209 1801 374 1867; x_wconf 90' lang='lat' dir='ltr'><strong>mulierem</strong></span> <span class='ocrx_word' id='word_1_115' title='bbox 406 1802 502 1867; x_wconf 91' lang='lat' dir='ltr'><strong>ullius</strong></span> <span class='ocrx_word' id='word_1_116' title='bbox 536 1802 670 1868; x_wconf 87' lang='lat' dir='ltr'><strong>masculi</strong></span> <span class='ocrx_word' id='word_1_117' title='bbox 699 1820 825 1866; x_wconf 83' lang='lat' dir='ltr'><strong>uxorem</strong></span> <span class='ocrx_word' id='word_1_118' title='bbox 853 1819 951 1884; x_wconf 91' lang='lat' dir='ltr'><strong>neque</strong></span> <span class='ocrx_word' id='word_1_119' title='bbox 979 1801 1082 1866; x_wconf 86' lang='lat' dir='ltr'><strong>ullum</strong></span> <span class='ocrx_word' id='word_1_120' title='bbox 1104 1803 1217 1885; x_wconf 87' lang='lat' dir='ltr'><strong>pignus</strong></span> <span class='ocrx_word' id='word_1_121' title='bbox 1240 1802 1335 1868; x_wconf 88' lang='lat' dir='ltr'><strong>ullius</strong></span> 
     </span>
    </p>

    <p class='ocr_par' dir='ltr' id='par_1_4' title="bbox 175 1905 1406 2394">
     <span class='ocr_line' id='line_1_16' title="bbox 175 1905 1334 1990; baseline 0 -20"><span class='ocrx_word' id='word_1_122' title='bbox 175 1931 199 1970; x_wconf 79' lang='lat' dir='ltr'><strong>a</strong></span> <span class='ocrx_word' id='word_1_123' title='bbox 207 1908 345 1990; x_wconf 87' lang='lat' dir='ltr'><strong>parentis</strong></span> <span class='ocrx_word' id='word_1_124' title='bbox 374 1907 491 1981; x_wconf 90' lang='lat' dir='ltr'><strong>filium;</strong></span> <span class='ocrx_word' id='word_1_125' title='bbox 526 1907 580 1970; x_wconf 91' lang='lat' dir='ltr'><strong>ubi</strong></span> <span class='ocrx_word' id='word_1_126' title='bbox 610 1905 696 1970; x_wconf 91' lang='lat' dir='ltr'><strong>enim</strong></span> <span class='ocrx_word' id='word_1_127' title='bbox 722 1906 898 1987; x_wconf 89' lang='lat' dir='ltr'><strong>promiscua</strong></span> <span class='ocrx_word' id='word_1_128' title='bbox 920 1906 1025 1970; x_wconf 90' lang='lat' dir='ltr'><strong>omnia</strong></span> <span class='ocrx_word' id='word_1_129' title='bbox 1047 1907 1078 1968; x_wconf 91' lang='lat' dir='ltr'><strong>et</strong></span> <span class='ocrx_word' id='word_1_130' title='bbox 1102 1906 1231 1970; x_wconf 85' lang='lat' dir='ltr'><strong>confusa</strong></span> <span class='ocrx_word' id='word_1_131' title='bbox 1252 1907 1334 1988; x_wconf 90' lang='lat' dir='ltr'><strong>sunt,</strong></span> 
     </span>
     <span class='ocr_line' id='line_1_17' title="bbox 208 2007 1406 2092; baseline 0 -18"><span class='ocrx_word' id='word_1_132' title='bbox 208 2027 298 2074; x_wconf 92' lang='lat' dir='ltr'><strong>nemo</strong></span> <span class='ocrx_word' id='word_1_133' title='bbox 332 2014 379 2074; x_wconf 91' lang='lat' dir='ltr'><strong>est</strong></span> <span class='ocrx_word' id='word_1_134' title='bbox 413 2009 466 2092; x_wconf 91' lang='lat' dir='ltr'><strong>qui</strong></span> <span class='ocrx_word' id='word_1_135' title='bbox 500 2027 592 2074; x_wconf 89' lang='lat' dir='ltr'><strong>suum</strong></span> <span class='ocrx_word' id='word_1_136' title='bbox 624 2009 724 2090; x_wconf 90' lang='lat' dir='ltr'><strong>possit</strong></span> <span class='ocrx_word' id='word_1_137' title='bbox 757 2007 875 2090; x_wconf 90' lang='lat' dir='ltr'><strong>aliquid</strong></span> <span class='ocrx_word' id='word_1_138' title='bbox 910 2007 1078 2073; x_wconf 87' lang='lat' dir='ltr'><strong>uindicare.</strong></span> <span class='ocrx_word' id='word_1_139' title='bbox 1120 2027 1176 2073; x_wconf 89' lang='lat' dir='ltr'><strong>uec</strong></span> <span class='ocrx_word' id='word_1_140' title='bbox 1210 2008 1333 2073; x_wconf 87' lang='lat' dir='ltr'><strong>suffecit</strong></span> <span class='ocrx_word' id='word_1_141' title='bbox 1346 2008 1406 2074; x_wconf 83' lang='lat'><strong>103</strong></span> 
     </span>
     <span class='ocr_line' id='line_1_18' title="bbox 208 2110 1333 2194; baseline 0 -18"><span class='ocrx_word' id='word_1_142' title='bbox 208 2113 449 2194; x_wconf 87' lang='lat' dir='ltr'><strong>sapientissimo,</strong></span> <span class='ocrx_word' id='word_1_143' title='bbox 478 2113 516 2176; x_wconf 92' lang='lat' dir='ltr'><strong>ut</strong></span> <span class='ocrx_word' id='word_1_144' title='bbox 544 2112 670 2193; x_wconf 91' lang='lat' dir='ltr'><strong>quidam</strong></span> <span class='ocrx_word' id='word_1_145' title='bbox 701 2111 800 2191; x_wconf 90' lang='lat' dir='ltr'><strong>aiunt,</strong></span> <span class='ocrx_word' id='word_1_146' title='bbox 829 2111 1012 2194; x_wconf 90' lang='lat' dir='ltr'><strong>philosopho</strong></span> <span class='ocrx_word' id='word_1_147' title='bbox 1042 2110 1150 2175; x_wconf 88' lang='lat' dir='ltr'><strong>docere</strong></span> <span class='ocrx_word' id='word_1_148' title='bbox 1179 2110 1245 2185; x_wconf 93' lang='lat' dir='ltr'><strong>hoc,</strong></span> <span class='ocrx_word' id='word_1_149' title='bbox 1273 2113 1333 2176; x_wconf 87' lang='lat' dir='ltr'><strong>nisi</strong></span> 
     </span>
     <span class='ocr_line' id='line_1_19' title="bbox 207 2200 1333 2297; baseline -0.003 -18"><span class='ocrx_word' id='word_1_150' title='bbox 207 2215 273 2297; x_wconf 90' lang='lat' dir='ltr'><strong>ipse</strong></span> <span class='ocrx_word' id='word_1_151' title='bbox 296 2215 435 2292; x_wconf 82' lang='lat' dir='ltr'><strong>fecisset3</strong></span> <span class='ocrx_word' id='word_1_152' title='bbox 464 2232 590 2279; x_wconf 82' lang='lat' dir='ltr'><strong>uxorem</strong></span> <span class='ocrx_word' id='word_1_153' title='bbox 619 2214 702 2277; x_wconf 90' lang='lat' dir='ltr'><strong>enim</strong></span> <span class='ocrx_word' id='word_1_154' title='bbox 731 2232 818 2277; x_wconf 90' lang='lat' dir='ltr'><strong>suam</strong></span> <span class='ocrx_word' id='word_1_155' title='bbox 842 2200 933 2278; x_wconf 83' lang='lat' dir='ltr'><strong>alteri</strong></span> <span class='ocrx_word' id='word_1_156' title='bbox 955 2212 1023 2278; x_wconf 90' lang='lat' dir='ltr'><strong>uiro</strong></span> <span class='ocrx_word' id='word_1_157' title='bbox 1047 2213 1188 2291; x_wconf 86' lang='lat' dir='ltr'><strong>tradidit,</strong></span> <span class='ocrx_word' id='word_1_158' title='bbox 1213 2212 1333 2277; x_wconf 87' lang='lat' dir='ltr'><strong>scilicet</strong></span> 
     </span>
     <span class='ocr_line' id='line_1_20' title="bbox 208 2314 1331 2394; baseline -0.003 -12"><span class='ocrx_word' id='word_1_159' title='bbox 208 2320 289 2384; x_wconf 88' lang='lat' dir='ltr'><strong>sicut</strong></span> <span class='ocrx_word' id='word_1_160' title='bbox 311 2317 406 2383; x_wconf 87' lang='lat' dir='ltr'><strong>etiam</strong></span> <span class='ocrx_word' id='word_1_161' title='bbox 429 2317 585 2382; x_wconf 86' lang='lat' dir='ltr'><strong>Romanus</strong></span> <span class='ocrx_word' id='word_1_162' title='bbox 608 2314 695 2394; x_wconf 78' lang='lat' dir='ltr'><strong>dato,</strong></span> <span class='ocrx_word' id='word_1_163' title='bbox 717 2316 750 2381; x_wconf 93' lang='lat' dir='ltr'><strong>id</strong></span> <span class='ocrx_word' id='word_1_164' title='bbox 773 2316 821 2380; x_wconf 90' lang='lat' dir='ltr'><strong>est</strong></span> <span class='ocrx_word' id='word_1_165' title='bbox 843 2315 923 2380; x_wconf 89' lang='lat' dir='ltr'><strong>alius</strong></span> <span class='ocrx_word' id='word_1_166' title='bbox 946 2316 1059 2379; x_wconf 85' lang='lat' dir='ltr'><strong>Italiae</strong></span> <span class='ocrx_word' id='word_1_167' title='bbox 1074 2314 1226 2380; x_wconf 79' lang='lat' dir='ltr'><strong>Socrates</strong></span> <span class='ocrx_word' id='word_1_168' title='bbox 1260 2333 1331 2380; x_wconf 90' lang='lat' dir='ltr'><strong>ecce</strong></span> 
     </span>
    </p>

    <p class='ocr_par' dir='ltr' id='par_1_5' title="bbox 174 2417 1417 2923">
     <span class='ocr_line' id='line_1_21' title="bbox 174 2417 1330 2505; baseline -0.003 -19"><span class='ocrx_word' id='word_1_169' title='bbox 174 2441 285 2505; x_wconf 84' lang='lat' dir='ltr'><strong>aquae</strong></span> <span class='ocrx_word' id='word_1_170' title='bbox 307 2423 380 2487; x_wconf 89' lang='lat' dir='ltr'><strong>sunt</strong></span> <span class='ocrx_word' id='word_1_171' title='bbox 402 2423 434 2485; x_wconf 88' lang='lat' dir='ltr'><strong>et</strong></span> <span class='ocrx_word' id='word_1_172' title='bbox 455 2421 613 2485; x_wconf 84' lang='lat' dir='ltr'><strong>Romanae</strong></span> <span class='ocrx_word' id='word_1_173' title='bbox 637 2421 669 2484; x_wconf 89' lang='lat' dir='ltr'><strong>et</strong></span> <span class='ocrx_word' id='word_1_174' title='bbox 691 2417 815 2484; x_wconf 85' lang='lat' dir='ltr'><strong>Atticae</strong></span> <span class='ocrx_word' id='word_1_175' title='bbox 837 2418 1007 2500; x_wconf 85' lang='lat' dir='ltr'><strong>sapientiae</strong></span> <span class='ocrx_word' id='word_1_176' title='bbox 1035 2420 1191 2500; x_wconf 85' lang='lat' dir='ltr'><strong>exempla:</strong></span> <span class='ocrx_word' id='word_1_177' title='bbox 1225 2436 1330 2484; x_wconf 91' lang='lat' dir='ltr'><strong>omnes</strong></span> 
     </span>
     <span class='ocr_line' id='line_1_22' title="bbox 205 2521 1332 2608; baseline -0.005 -18"><span class='ocrx_word' id='word_1_178' title='bbox 205 2525 329 2608; x_wconf 89' lang='lat' dir='ltr'><strong>penitus</strong></span> <span class='ocrx_word' id='word_1_179' title='bbox 352 2525 492 2603; x_wconf 87' lang='lat' dir='ltr'><strong>maritos,</strong></span> <span class='ocrx_word' id='word_1_180' title='bbox 516 2524 669 2604; x_wconf 91' lang='lat' dir='ltr'><strong>quantum</strong></span> <span class='ocrx_word' id='word_1_181' title='bbox 683 2521 718 2587; x_wconf 90' lang='lat' dir='ltr'><strong>in</strong></span> <span class='ocrx_word' id='word_1_182' title='bbox 732 2521 809 2603; x_wconf 90' lang='lat' dir='ltr'><strong>ipsis</strong></span> <span class='ocrx_word' id='word_1_183' title='bbox 823 2521 894 2600; x_wconf 87' lang='lat' dir='ltr'><strong>fuit,</strong></span> <span class='ocrx_word' id='word_1_184' title='bbox 917 2522 1044 2586; x_wconf 87' lang='lat' dir='ltr'><strong>lenones</strong></span> <span class='ocrx_word' id='word_1_185' title='bbox 1059 2540 1188 2586; x_wconf 88' lang='lat' dir='ltr'><strong>urorum</strong></span> <span class='ocrx_word' id='word_1_186' title='bbox 1204 2539 1332 2586; x_wconf 86' lang='lat' dir='ltr'><strong>suarum</strong></span> 
     </span>
     <span class='ocr_line' id='line_1_23' title="bbox 206 2617 1417 2707; baseline -0.002 -14"><span class='ocrx_word' id='word_1_187' title='bbox 206 2646 271 2694; x_wconf 90' lang='lat' dir='ltr'><strong>esse</strong></span> <span class='ocrx_word' id='word_1_188' title='bbox 304 2630 455 2693; x_wconf 85' lang='lat' dir='ltr'><strong>fecerunt.</strong></span> <span class='ocrx_word' id='word_1_189' title='bbox 494 2627 549 2690; x_wconf 91' lang='lat' dir='ltr'><strong>sed</strong></span> <span class='ocrx_word' id='word_1_190' title='bbox 581 2625 660 2689; x_wconf 92' lang='lat' dir='ltr'><strong>uicit</strong></span> <span class='ocrx_word' id='word_1_191' title='bbox 693 2627 799 2689; x_wconf 89' lang='lat' dir='ltr'><strong>tamen</strong></span> <span class='ocrx_word' id='word_1_192' title='bbox 829 2622 980 2702; x_wconf 83' lang='lat' dir='ltr'><strong>Socrates,</strong></span> <span class='ocrx_word' id='word_1_193' title='bbox 1016 2625 1069 2707; x_wconf 89' lang='lat' dir='ltr'><strong>qui</strong></span> <span class='ocrx_word' id='word_1_194' title='bbox 1098 2624 1135 2689; x_wconf 93' lang='lat' dir='ltr'><strong>de</strong></span> <span class='ocrx_word' id='word_1_195' title='bbox 1163 2617 1332 2690; x_wconf 84' lang='lat' dir='ltr'><strong>haereat</strong></span> <span class='ocrx_word' id='word_1_196' title='bbox 1395 2620 1417 2627; x_wconf 46' lang='lat'><strong>&#39;⁴</strong></span> 
     </span>
     <span class='ocr_line' id='line_1_24' title="bbox 204 2728 1331 2810; baseline -0.002 -16"><span class='ocrx_word' id='word_1_197' title='bbox 204 2731 300 2796; x_wconf 89' lang='lat' dir='ltr'><strong>libros</strong></span> <span class='ocrx_word' id='word_1_198' title='bbox 334 2730 472 2797; x_wconf 92' lang='lat' dir='ltr'><strong>condidit</strong></span> <span class='ocrx_word' id='word_1_199' title='bbox 504 2733 535 2794; x_wconf 93' lang='lat' dir='ltr'><strong>et</strong></span> <span class='ocrx_word' id='word_1_200' title='bbox 567 2729 733 2793; x_wconf 89' lang='lat' dir='ltr'><strong>memorias</strong></span> <span class='ocrx_word' id='word_1_201' title='bbox 766 2728 841 2792; x_wconf 88' lang='lat' dir='ltr'><strong>haec</strong></span> <span class='ocrx_word' id='word_1_202' title='bbox 874 2728 1019 2810; x_wconf 88' lang='lat' dir='ltr'><strong>pudenda</strong></span> <span class='ocrx_word' id='word_1_203' title='bbox 1051 2729 1222 2792; x_wconf 88' lang='lat' dir='ltr'><strong>mandauit.</strong></span> <span class='ocrx_word' id='word_1_204' title='bbox 1261 2728 1331 2808; x_wconf 88' lang='lat' dir='ltr'><strong>plus</strong></span> 
     </span>
     <span class='ocr_line' id='line_1_25' title="bbox 204 2831 1332 2923; baseline -0.002 -26"><span class='ocrx_word' id='word_1_205' title='bbox 204 2834 298 2900; x_wconf 87' lang='lat' dir='ltr'><strong>habet</strong></span> <span class='ocrx_word' id='word_1_206' title='bbox 327 2837 408 2899; x_wconf 92' lang='lat' dir='ltr'><strong>unde</strong></span> <span class='ocrx_word' id='word_1_207' title='bbox 438 2832 564 2917; x_wconf 85' lang='lat' dir='ltr'><strong>gloriari</strong></span> <span class='ocrx_word' id='word_1_208' title='bbox 595 2831 655 2896; x_wconf 89' lang='lat' dir='ltr'><strong>sibi</strong></span> <span class='ocrx_word' id='word_1_209' title='bbox 682 2831 856 2914; x_wconf 87' lang='lat' dir='ltr'><strong>praeceptis</strong></span> <span class='ocrx_word' id='word_1_210' title='bbox 879 2832 943 2895; x_wconf 91' lang='lat' dir='ltr'><strong>suis</strong></span> <span class='ocrx_word' id='word_1_211' title='bbox 966 2832 1082 2913; x_wconf 88' lang='lat' dir='ltr'><strong>possit:</strong></span> <span class='ocrx_word' id='word_1_212' title='bbox 1117 2832 1268 2914; x_wconf 88' lang='lat' dir='ltr'><strong>quantum</strong></span> <span class='ocrx_word' id='word_1_213' title='bbox 1291 2831 1332 2923; x_wconf 86' lang='lat' dir='ltr'><strong>ad</strong></span> 
     </span>
    </p>

    <p class='ocr_par' dir='ltr' id='par_1_6' title="bbox 173 2932 1404 3329">
     <span class='ocr_line' id='line_1_26' title="bbox 173 2932 1404 3021; baseline -0.002 -19"><span class='ocrx_word' id='word_1_214' title='bbox 173 2963 197 3004; x_wconf 76' lang='lat' dir='ltr'><strong>aa</strong></span> <span class='ocrx_word' id='word_1_215' title='bbox 205 2939 378 3004; x_wconf 89' lang='lat' dir='ltr'><strong>doctrinam</strong></span> <span class='ocrx_word' id='word_1_216' title='bbox 401 2956 489 3002; x_wconf 87' lang='lat' dir='ltr'><strong>suam</strong></span> <span class='ocrx_word' id='word_1_217' title='bbox 511 2937 655 3021; x_wconf 85' lang='lat' dir='ltr'><strong>pertinet,</strong></span> <span class='ocrx_word' id='word_1_218' title='bbox 677 2936 808 3016; x_wconf 87' lang='lat' dir='ltr'><strong>lupanar</strong></span> <span class='ocrx_word' id='word_1_219' title='bbox 830 2934 904 3000; x_wconf 84' lang='lat' dir='ltr'><strong>fecit</strong></span> <span class='ocrx_word' id='word_1_220' title='bbox 927 2954 943 2998; x_wconf 96' lang='lat' dir='ltr'><strong>e</strong></span> <span class='ocrx_word' id='word_1_221' title='bbox 964 2935 1090 3000; x_wconf 85' lang='lat' dir='ltr'><strong>mundo.</strong></span> <span class='ocrx_word' id='word_1_222' title='bbox 1113 2934 1229 2999; x_wconf 87' lang='lat' dir='ltr'><strong>iniuste</strong></span> <span class='ocrx_word' id='word_1_223' title='bbox 1244 2932 1404 2999; x_wconf 89' lang='lat' dir='ltr'><strong>dam-104</strong></span> 
     </span>
     <span class='ocr_line' id='line_1_27' title="bbox 204 3037 1330 3114; baseline -0.004 -8"><span class='ocrx_word' id='word_1_224' title='bbox 204 3042 296 3107; x_wconf 87' lang='lat' dir='ltr'><strong>natus</strong></span> <span class='ocrx_word' id='word_1_225' title='bbox 328 3041 444 3106; x_wconf 90' lang='lat' dir='ltr'><strong>dicitur</strong></span> <span class='ocrx_word' id='word_1_226' title='bbox 465 3059 485 3104; x_wconf 92' lang='lat' dir='ltr'><strong>a</strong></span> <span class='ocrx_word' id='word_1_227' title='bbox 507 3039 671 3104; x_wconf 85' lang='lat' dir='ltr'><strong>iudicibus.</strong></span> <span class='ocrx_word' id='word_1_228' title='bbox 706 3040 738 3103; x_wconf 93' lang='lat' dir='ltr'><strong>et</strong></span> <span class='ocrx_word' id='word_1_229' title='bbox 765 3057 876 3102; x_wconf 90' lang='lat' dir='ltr'><strong>uerum</strong></span> <span class='ocrx_word' id='word_1_230' title='bbox 909 3039 971 3114; x_wconf 91' lang='lat' dir='ltr'><strong>est;</strong></span> <span class='ocrx_word' id='word_1_231' title='bbox 1006 3037 1119 3101; x_wconf 83' lang='lat' dir='ltr'><strong>rectius</strong></span> <span class='ocrx_word' id='word_1_232' title='bbox 1148 3037 1231 3101; x_wconf 90' lang='lat' dir='ltr'><strong>enim</strong></span> <span class='ocrx_word' id='word_1_233' title='bbox 1259 3056 1330 3101; x_wconf 92' lang='lat' dir='ltr'><strong>eum</strong></span> 
     </span>
     <span class='ocr_line' id='line_1_28' title="bbox 205 3140 1330 3224; baseline -0.004 -16"><span class='ocrx_word' id='word_1_234' title='bbox 205 3143 281 3208; x_wconf 86' lang='lat' dir='ltr'><strong>haec</strong></span> <span class='ocrx_word' id='word_1_235' title='bbox 313 3143 389 3208; x_wconf 88' lang='lat' dir='ltr'><strong>talia</strong></span> <span class='ocrx_word' id='word_1_236' title='bbox 424 3141 654 3224; x_wconf 88' lang='lat' dir='ltr'><strong>praedicantem</strong></span> <span class='ocrx_word' id='word_1_237' title='bbox 691 3158 789 3223; x_wconf 83' lang='lat' dir='ltr'><strong>genus</strong></span> <span class='ocrx_word' id='word_1_238' title='bbox 828 3141 991 3206; x_wconf 88' lang='lat' dir='ltr'><strong>damnaret</strong></span> <span class='ocrx_word' id='word_1_239' title='bbox 1023 3140 1211 3218; x_wconf 91' lang='lat' dir='ltr'><strong>humanum,</strong></span> <span class='ocrx_word' id='word_1_240' title='bbox 1249 3141 1330 3204; x_wconf 88' lang='lat' dir='ltr'><strong>sicut</strong></span> 
     </span>
     <span class='ocr_line' id='line_1_29' title="bbox 204 3243 1330 3329; baseline -0.003 -20"><span class='ocrx_word' id='word_1_241' title='bbox 204 3248 320 3329; x_wconf 88' lang='lat' dir='ltr'><strong>absque</strong></span> <span class='ocrx_word' id='word_1_242' title='bbox 349 3244 441 3311; x_wconf 89' lang='lat' dir='ltr'><strong>dubio</strong></span> <span class='ocrx_word' id='word_1_243' title='bbox 471 3247 642 3311; x_wconf 85' lang='lat' dir='ltr'><strong>damnauit.</strong></span> <span class='ocrx_word' id='word_1_244' title='bbox 676 3263 750 3310; x_wconf 89' lang='lat' dir='ltr'><strong>nam</strong></span> <span class='ocrx_word' id='word_1_245' title='bbox 778 3262 849 3310; x_wconf 92' lang='lat' dir='ltr'><strong>cum</strong></span> <span class='ocrx_word' id='word_1_246' title='bbox 876 3245 910 3309; x_wconf 94' lang='lat' dir='ltr'><strong>in</strong></span> <span class='ocrx_word' id='word_1_247' title='bbox 931 3245 990 3309; x_wconf 88' lang='lat' dir='ltr'><strong>hac</strong></span> <span class='ocrx_word' id='word_1_248' title='bbox 1012 3263 1045 3308; x_wconf 89' lang='lat' dir='ltr'><strong>re</strong></span> <span class='ocrx_word' id='word_1_249' title='bbox 1069 3243 1243 3311; x_wconf 87' lang='lat' dir='ltr'><strong>doctrinam</strong></span> <span class='ocrx_word' id='word_1_250' title='bbox 1265 3244 1330 3307; x_wconf 89' lang='lat' dir='ltr'><strong>eius</strong></span> 
     </span>
    </p>
   </div>
   <div class='ocr_carea' id='block_1_3' title="bbox 200 3517 1343 4262">
    <p class='ocr_par' dir='ltr' id='par_1_7' title="bbox 200 3517 1343 4262">
     <span class='ocr_line' id='line_1_30' title="bbox 253 3517 1260 3586; baseline -0.002 -14"><span class='ocrx_word' id='word_1_251' title='bbox 253 3520 271 3572; x_wconf 86' lang='lat'>4</span> <span class='ocrx_word' id='word_1_252' title='bbox 293 3519 406 3574; x_wconf 85' lang='lat' dir='ltr'><strong>feminas</strong></span> <span class='ocrx_word' id='word_1_253' title='bbox 430 3518 457 3572; x_wconf 91' lang='grc' dir='ltr'><strong><em>Β</em></strong></span> <span class='ocrx_word' id='word_1_254' title='bbox 559 3519 577 3574; x_wconf 88' lang='grc'>8</span> <span class='ocrx_word' id='word_1_255' title='bbox 600 3518 767 3572; x_wconf 89' lang='lat' dir='ltr'><strong>demonicum</strong></span> <span class='ocrx_word' id='word_1_256' title='bbox 790 3518 818 3572; x_wconf 91' lang='lat' dir='ltr'><em>B</em></span> <span class='ocrx_word' id='word_1_257' title='bbox 839 3523 908 3572; x_wconf 77' lang='lat' dir='ltr'><strong>aaz</strong></span> <span class='ocrx_word' id='word_1_258' title='bbox 1013 3518 1029 3572; x_wconf 86' lang='lat'>9</span> <span class='ocrx_word' id='word_1_259' title='bbox 1051 3517 1209 3586; x_wconf 84' lang='lat' dir='ltr'><strong>agnouimus</strong></span> <span class='ocrx_word' id='word_1_260' title='bbox 1232 3517 1260 3570; x_wconf 91' lang='grc' dir='ltr'><strong><em>Β</em></strong></span> 
     </span>
     <span class='ocr_line' id='line_1_31' title="bbox 205 3602 1330 3680; baseline 0 -23"><span class='ocrx_word' id='word_1_261' title='bbox 205 3603 236 3657; x_wconf 84' lang='grc'><strong>12</strong></span> <span class='ocrx_word' id='word_1_262' title='bbox 254 3605 288 3658; x_wconf 85' lang='lat' dir='ltr'><strong>ad</strong></span> <span class='ocrx_word' id='word_1_263' title='bbox 306 3621 327 3659; x_wconf 82' lang='lat' dir='ltr'><strong>a.</strong></span> <span class='ocrx_word' id='word_1_264' title='bbox 345 3621 396 3680; x_wconf 82' lang='lat' dir='ltr'><strong>scr.</strong></span> <span class='ocrx_word' id='word_1_265' title='bbox 415 3611 426 3657; x_wconf 89' lang='lat' dir='ltr'><strong>t</strong></span> <span class='ocrx_word' id='word_1_266' title='bbox 443 3621 477 3659; x_wconf 79' lang='lat' dir='ltr'><strong>aa.</strong></span> <span class='ocrx_word' id='word_1_267' title='bbox 492 3607 511 3658; x_wconf 81' lang='lat'><strong><em>2</em></strong></span> <span class='ocrx_word' id='word_1_268' title='bbox 528 3606 556 3657; x_wconf 98' lang='lat' dir='ltr'><strong><em>A</em></strong></span> <span class='ocrx_word' id='word_1_269' title='bbox 659 3605 692 3659; x_wconf 87' lang='lat'><strong>13</strong></span> <span class='ocrx_word' id='word_1_270' title='bbox 710 3604 792 3658; x_wconf 88' lang='lat' dir='ltr'><strong>ullius</strong></span> <span class='ocrx_word' id='word_1_271' title='bbox 811 3619 860 3658; x_wconf 86' lang='lat' dir='ltr'><strong>om.</strong></span> <span class='ocrx_word' id='word_1_272' title='bbox 878 3604 906 3655; x_wconf 98' lang='lat' dir='ltr'><strong><em>A</em></strong></span> <span class='ocrx_word' id='word_1_273' title='bbox 1006 3603 1038 3656; x_wconf 86' lang='grc'><strong>16</strong></span> <span class='ocrx_word' id='word_1_274' title='bbox 1057 3602 1158 3656; x_wconf 82' lang='lat' dir='ltr'><strong>sufficit</strong></span> <span class='ocrx_word' id='word_1_275' title='bbox 1175 3603 1203 3656; x_wconf 92' lang='lat' dir='ltr'><strong><em>A</em></strong></span> <span class='ocrx_word' id='word_1_276' title='bbox 1219 3608 1253 3657; x_wconf 82' lang='lat' dir='ltr'><strong>at</strong></span> <span class='ocrx_word' id='word_1_277' title='bbox 1272 3603 1330 3672; x_wconf 80' lang='lat' dir='ltr'><strong>qoi-</strong></span> 
     </span>
     <span class='ocr_line' id='line_1_32' title="bbox 204 3688 1329 3761; baseline -0.001 -16"><span class='ocrx_word' id='word_1_278' title='bbox 204 3690 263 3745; x_wconf 80' lang='lat' dir='ltr'><strong>dem</strong></span> <span class='ocrx_word' id='word_1_279' title='bbox 286 3691 625 3747; x_wconf 66' lang='lat' dir='ltr'><strong>antecantamenta</strong></span> <span class='ocrx_word' id='word_1_280' title='bbox 728 3691 761 3761; x_wconf 83' lang='grc'><strong>17</strong></span> <span class='ocrx_word' id='word_1_281' title='bbox 788 3692 874 3759; x_wconf 82' lang='lat' dir='ltr'><strong>agunt</strong></span> <span class='ocrx_word' id='word_1_282' title='bbox 900 3690 927 3742; x_wconf 95' lang='lat' dir='ltr'><strong><em>A</em></strong></span> <span class='ocrx_word' id='word_1_283' title='bbox 1031 3688 1115 3742; x_wconf 86' lang='lat' dir='ltr'><strong>dicere</strong></span> <span class='ocrx_word' id='word_1_284' title='bbox 1138 3689 1189 3742; x_wconf 91' lang='lat' dir='ltr'><strong>hoc</strong></span> <span class='ocrx_word' id='word_1_285' title='bbox 1211 3689 1329 3745; x_wconf 78' lang='lat' dir='ltr'><strong>Rittere·</strong></span> 
     </span>
     <span class='ocr_line' id='line_1_33' title="bbox 202 3775 1262 3845; baseline 0 -15"><span class='ocrx_word' id='word_1_286' title='bbox 202 3775 299 3830; x_wconf 65' lang='lat' dir='ltr'><strong>tomas</strong></span> <span class='ocrx_word' id='word_1_287' title='bbox 402 3776 435 3830; x_wconf 90' lang='grc'><strong>19</strong></span> <span class='ocrx_word' id='word_1_288' title='bbox 453 3776 571 3830; x_wconf 84' lang='lat' dir='ltr'><strong>Socratis</strong></span> <span class='ocrx_word' id='word_1_289' title='bbox 589 3777 617 3830; x_wconf 92' lang='lat' dir='ltr'><strong><em>A</em></strong></span> <span class='ocrx_word' id='word_1_290' title='bbox 720 3775 755 3830; x_wconf 78' lang='grc'><strong>25</strong></span> <span class='ocrx_word' id='word_1_291' title='bbox 771 3776 878 3845; x_wconf 87' lang='lat' dir='ltr'><strong>lupinar</strong></span> <span class='ocrx_word' id='word_1_292' title='bbox 895 3791 979 3844; x_wconf 68' lang='lat' dir='ltr'><strong>scopes</strong></span> <span class='ocrx_word' id='word_1_293' title='bbox 996 3775 1024 3844; x_wconf 91' lang='lat' dir='ltr'><strong>pi</strong></span> <span class='ocrx_word' id='word_1_294' title='bbox 1041 3791 1092 3829; x_wconf 87' lang='lat' dir='ltr'><strong>scr.</strong></span> <span class='ocrx_word' id='word_1_295' title='bbox 1112 3793 1128 3828; x_wconf 88' lang='lat' dir='ltr'><strong>a</strong></span> <span class='ocrx_word' id='word_1_296' title='bbox 1145 3792 1180 3832; x_wconf 83' lang='lat' dir='ltr'><strong>m.</strong></span> <span class='ocrx_word' id='word_1_297' title='bbox 1197 3778 1217 3830; x_wconf 84' lang='lat'><strong><em>2</em></strong></span> <span class='ocrx_word' id='word_1_298' title='bbox 1234 3777 1262 3829; x_wconf 92' lang='lat' dir='ltr'><strong><em>A</em></strong></span> 
     </span>
     <span class='ocr_line' id='line_1_34' title="bbox 202 3861 1326 3930; baseline 0.003 -16"><span class='ocrx_word' id='word_1_299' title='bbox 202 3875 282 3915; x_wconf 75' lang='lat' dir='ltr'><strong>eoos.</strong></span> <span class='ocrx_word' id='word_1_300' title='bbox 300 3861 327 3915; x_wconf 91' lang='grc' dir='ltr'><strong><em>Β</em></strong></span> <span class='ocrx_word' id='word_1_301' title='bbox 420 3861 453 3915; x_wconf 79' lang='grc'><strong>26</strong></span> <span class='ocrx_word' id='word_1_302' title='bbox 471 3862 536 3915; x_wconf 82' lang='lat' dir='ltr'><strong>haec</strong></span> <span class='ocrx_word' id='word_1_303' title='bbox 553 3878 613 3915; x_wconf 91' lang='lat' dir='ltr'><strong>eum</strong></span> <span class='ocrx_word' id='word_1_304' title='bbox 632 3861 659 3915; x_wconf 98' lang='grc' dir='ltr'><strong><em>Β</em></strong></span> <span class='ocrx_word' id='word_1_305' title='bbox 750 3862 784 3916; x_wconf 81' lang='grc'><strong>28</strong></span> <span class='ocrx_word' id='word_1_306' title='bbox 802 3861 1008 3930; x_wconf 86' lang='lat' dir='ltr'><strong>condempueuit</strong></span> <span class='ocrx_word' id='word_1_307' title='bbox 1026 3862 1080 3915; x_wconf 94' lang='lat' dir='ltr'><strong>AB</strong></span> <span class='ocrx_word' id='word_1_308' title='bbox 1107 3862 1246 3916; x_wconf 86' lang='lat' dir='ltr'><strong>damnauit</strong></span> <span class='ocrx_word' id='word_1_309' title='bbox 1264 3879 1326 3917; x_wconf 83' lang='lat' dir='ltr'><strong>com</strong></span> 
     </span>
     <span class='ocr_line' id='line_1_35' title="bbox 202 3946 1329 4018; baseline 0.003 -18"><span class='ocrx_word' id='word_1_310' title='bbox 202 3946 260 4000; x_wconf 85' lang='lat' dir='ltr'><strong>cdd.</strong></span> <span class='ocrx_word' id='word_1_311' title='bbox 277 3949 423 4014; x_wconf 75' lang='lat' dir='ltr'><strong>Hatrna&#39;as5</strong></span> <span class='ocrx_word' id='word_1_312' title='bbox 450 3949 569 4002; x_wconf 74' lang='lat' dir='ltr'><strong>retinere</strong></span> <span class='ocrx_word' id='word_1_313' title='bbox 596 3949 799 4004; x_wconf 68' lang='lat' dir='ltr'><strong>condebitam</strong></span> <span class='ocrx_word' id='word_1_314' title='bbox 820 3949 1009 4003; x_wconf 85' lang='lat' dir='ltr'><strong>condemnauit</strong></span> <span class='ocrx_word' id='word_1_315' title='bbox 1032 3949 1097 4018; x_wconf 74' lang='lat' dir='ltr'><strong>pato</strong></span> <span class='ocrx_word' id='word_1_316' title='bbox 1119 3949 1183 4003; x_wconf 78' lang='lat' dir='ltr'><strong>totis</strong></span> <span class='ocrx_word' id='word_1_317' title='bbox 1205 3949 1329 4004; x_wconf 76' lang='lat' dir='ltr'><strong>certatio</strong></span> 
     </span>
     <span class='ocr_line' id='line_1_36' title="bbox 201 4024 1343 4104; baseline 0.004 -18"><span class='ocrx_word' id='word_1_318' title='bbox 201 4033 277 4087; x_wconf 63' lang='lat' dir='ltr'><strong>ambi</strong></span> <span class='ocrx_word' id='word_1_319' title='bbox 299 4036 407 4088; x_wconf 71' lang='lat' dir='ltr'><strong>camard</strong></span> <span class='ocrx_word' id='word_1_320' title='bbox 428 4034 618 4102; x_wconf 78' lang='lat' dir='ltr'><strong>perplacotose</strong></span> <span class='ocrx_word' id='word_1_321' title='bbox 640 4036 762 4101; x_wconf 78' lang='lat' dir='ltr'><strong>uidetur,</strong></span> <span class='ocrx_word' id='word_1_322' title='bbox 788 4024 820 4090; x_wconf 81' lang='lat' dir='ltr'><strong>ot</strong></span> <span class='ocrx_word' id='word_1_323' title='bbox 841 4037 897 4090; x_wconf 85' lang='lat' dir='ltr'><strong>tom</strong></span> <span class='ocrx_word' id='word_1_324' title='bbox 919 4037 1053 4091; x_wconf 76' lang='lat' dir='ltr'><strong>mortitam</strong></span> <span class='ocrx_word' id='word_1_325' title='bbox 1075 4040 1127 4104; x_wconf 82' lang='lat' dir='ltr'><strong>est,-</strong></span> <span class='ocrx_word' id='word_1_326' title='bbox 1153 4041 1272 4091; x_wconf 81' lang='lat' dir='ltr'><strong>ceteram</strong></span> <span class='ocrx_word' id='word_1_327' title='bbox 1292 4024 1343 4102; x_wconf 49' lang='grc' dir='ltr'><strong>εἴ(</strong></span> 
     </span>
     <span class='ocr_line' id='line_1_37' title="bbox 200 4119 1328 4190; baseline 0.002 -18"><span class='ocrx_word' id='word_1_328' title='bbox 200 4125 224 4182; x_wconf 64' lang='grc'><strong>9.</strong></span> <span class='ocrx_word' id='word_1_329' title='bbox 242 4122 309 4173; x_wconf 85' lang='lat'><strong><em>105.-</em></strong></span> <span class='ocrx_word' id='word_1_330' title='bbox 333 4119 476 4174; x_wconf 87' lang='lat' dir='ltr'><strong>constituit</strong></span> <span class='ocrx_word' id='word_1_331' title='bbox 490 4158 513 4172; x_wconf 89' lang='lat'><strong>..</strong></span> <span class='ocrx_word' id='word_1_332' title='bbox 528 4122 681 4176; x_wconf 86' lang='lat' dir='ltr'><strong>statuerunt</strong></span> <span class='ocrx_word' id='word_1_333' title='bbox 700 4127 726 4177; x_wconf 85' lang='lat' dir='ltr'><strong>et</strong></span> <span class='ocrx_word' id='word_1_334' title='bbox 747 4121 811 4176; x_wconf 89' lang='lat' dir='ltr'><strong>VII</strong></span> <span class='ocrx_word' id='word_1_335' title='bbox 824 4125 856 4178; x_wconf 80' lang='lat'><strong>2:</strong></span> <span class='ocrx_word' id='word_1_336' title='bbox 875 4122 987 4175; x_wconf 88' lang='lat' dir='ltr'><strong>inrideri</strong></span> <span class='ocrx_word' id='word_1_337' title='bbox 1004 4121 1118 4176; x_wconf 85' lang='lat' dir='ltr'><strong>debeant</strong></span> <span class='ocrx_word' id='word_1_338' title='bbox 1135 4122 1182 4190; x_wconf 89' lang='lat' dir='ltr'><strong>qui</strong></span> <span class='ocrx_word' id='word_1_339' title='bbox 1200 4138 1227 4176; x_wconf 90' lang='lat' dir='ltr'><strong>se</strong></span> <span class='ocrx_word' id='word_1_340' title='bbox 1245 4121 1328 4175; x_wconf 88' lang='lat' dir='ltr'><strong>rideri</strong></span> 
     </span>
     <span class='ocr_line' id='line_1_38' title="bbox 202 4204 1343 4262; baseline 0.004 -6"><span class='ocrx_word' id='word_1_341' title='bbox 202 4204 297 4259; x_wconf 87' lang='lat' dir='ltr'><strong>uolunt</strong></span> <span class='ocrx_word' id='word_1_342' title='bbox 315 4211 341 4261; x_wconf 86' lang='lat' dir='ltr'><strong>et</strong></span> <span class='ocrx_word' id='word_1_343' title='bbox 359 4205 484 4260; x_wconf 79' lang='lat' dir='ltr'><strong>Indicem</strong></span> <span class='ocrx_word' id='word_1_344' title='bbox 502 4206 557 4262; x_wconf 90' lang='lat' dir='ltr'><strong>III</strong></span> <span class='ocrx_word' id='word_1_345' title='bbox 1340 4216 1343 4224; x_wconf 82' lang='grc'><em>“</em></span> 
     </span>
    </p>
   </div>
   <div class='ocr_carea' id='block_1_4' title="bbox 0 0 1542 4764">
    <p class='ocr_par' dir='ltr' id='par_1_8' title="bbox 0 0 1542 4764">
     <span class='ocr_line' id='line_1_39' title="bbox 0 0 1542 4764; baseline 0 4"><span class='ocrx_word' id='word_1_346' title='bbox 0 0 1542 4764; x_wconf 95' lang='lat' dir='ltr'><strong> </strong></span> 
     </span>
    </p>
   </div>
  </div>
 </body>
</html>
