3076 4764
530 291 567 346 (le
585 292 713 360 gubern.
730 291 785 352 tsi
804 290 844 349 Vl
861 291 1004 358 §188-98.
1264 293 1324 363 151

208 476 329 546 morbis
358 496 448 546 ouras
474 478 613 562 dispares
639 479 800 563 praestant
819 480 912 564 atque
928 478 1004 546 aliis
1025 496 1080 563 per
1101 480 1207 548 duleis
1224 479 1326 558 suedi

210 583 331 651 mmina
357 581 427 650 aliis
457 602 512 668 per
540 598 648 650 amera
674 586 859 650 sreonrrunt
885 583 1095 666 etquesdam
1121 582 1232 651 errant
1252 599 1326 650 sau·

208 685 360 752 ter'iornm
386 687 545 753 adustone
574 687 721 768 quosdam
748 686 985 770 malagmatum
1000 683 1224 769 placabilitste.
1257 684 1372 764 eliisq

208 787 359 856 adhibent
388 788 498 855 duram
525 788 601 856 ferri
628 788 855 873 promotionem
882 787 953 856 aliis
980 788 1128 858 blandmr
1156 786 1327 855 infundunt

187 889 269 959 selei
291 890 467 971 lenitatem,
490 894 523 959 et
544 893 649 960 tamen
671 891 891 961 diuersissimis
912 891 987 959 lieet
1007 891 1090 960 euris
1110 893 1217 969 endem
1239 891 1326 960 salus

209 994 383 1077 quaeritur:
414 995 462 1062 ita
492 995 586 1062 etism
617 995 839 1075 damnosior,
868 995 896 1062 si
923 995 1046 1080 quando
1067 1012 1124 1067 uos
1144 995 1247 1080 plagis
1265 1014 1325 1063 an·

197 1086 390 1164 ¹storioribus
408 1101 539 1178 nearest,
561 1097 811 1182 qnasioauteriis
825 1115 864 1165 ae
878 1096 1067 1166 seetiooibus
1081 1101 1180 1176 errat,
1202 1097 1324 1181 quando

208 1200 313 1266 suum
347 1198 438 1267 rebus
470 1202 623 1284 prosperis
655 1199 783 1281 retonat,
802 1203 906 1284 -quasi
934 1202 1001 1269 oleo
1017 1216 1060 1269 ae
1081 1200 1325 1285 malagmatibus

208 1303 405 1383 musolatu‘rr
429 1322 485 1387 per
506 1304 662 1372 dinmsam
677 1303 769 1372 enim
790 1304 1034 1374 medicaminum
1055 1321 1148 1387 opem
1169 1307 1208 1372 ael
1230 1322 1324 1371 unam

173 1429 199 1470 ιο
206 1405 360 1473 uultuos-
373 1409 537 1490 perducere
559 1408 735 1476 sanitatem
756 1407 857 1476 solent
877 1406 991 1492 quippe
1006 1406 1377 1490 etiamnequissimostit

207 1526 421 1593 seruos-qnos
441 1509 596 1594 supplieiu
617 1529 680 1578 noo
701 1510 1142 1590 eorrexeriutblaudimenta
1161 1510 1325 1594 corrigere,

207 1613 239 1676 et
260 1629 336 1695 quos
351 1613 486 1679 dominis
501 1612 566 1680 suis
587 1615 717 1681 uerbera
738 1632 801 1680 non
822 1613 1045 1694 summiserint,
1067 1612 1218 1681 benefitia
1239 1631 1324 1679 sum·

206 1716 349 1780 mittunt.
370 1715 507 1782 infantes
536 1734 656 1801 quoque
677 1717 711 1782 et
732 1734 839 1783 omnes
861 1716 927 1783 tere
947 1716 1095 1799 paruulos
1117 1716 1325 1796 oontumsoes

204 1834 282 1900 quos
317 1818 486 1901 morigeros
522 1819 631 1886 minae·
660 1836 696 1885 ao
728 1818 846 1885 ferulae
865 1837 944 1887 non
974 1817 1130 1898 effieiuut,
1167 1818 1325 1885 interdum

174 1919 388 2003 rspanehrestu
420 1925 513 2005 atque
540 1921 714 1989 blanditiae
743 1923 785 1990 ad
811 1922 1045 1990 oboedientiam·
1065 1921 1206 1989 urruns.
1242 1920 1325 1986 uode

205 2020 389 2108 intellegere
420 2024 563 2090 debemus
591 2044 647 2091 nos
678 2028 711 2092 et
739 2027 838 2092 seruis
869 2024 1068 2109 nequissimis
1103 2024 1263 2106 nequiores
1291 2026 1325 2090 et

205 2125 421 2208 insipientibus
454 2128 590 2210 paruulis
623 2128 781 2195 stultiores
815 2146 891 2211 esse,
925 2144 1002 2210 quos
1032 2144 1089 2192 nee
1112 2128 1206 2209 quasi
1219 2126 1324 2197 ‚malm

206 2232 310 2295 seruos
338 2231 493 2298 tormenta
523 2230 682 2314 eorrigunt
703 2248 762 2297 nee
790 2230 878 2313 quasi
902 2230 1084 2298 infantulos
1108 2228 1323 2294 blandimento

204 2332 401 2397 sonuertunt.
1184 2361 1186 2365 ¹

173 2470 198 2511 so
247 2450 350 2516 XVII.
379 2452 421 2516 Et
446 2453 572 2534 quidem
601 2451 862 2536 quemadmodum
890 2450 1011 2529 nullum
1032 2449 1164 2516 Romani
1186 2447 1376 2517 noministt

205 2555 326 2635 partem
348 2571 447 2636 poena
469 2555 644 2633 eorrexerit,
674 2556 760 2635 satis,
791 2557 827 2621 ut
849 2554 988 2633 arbitror,
1018 2555 1083 2620 iam
1104 2551 1323 2636 probauimus:

205 2657 349 2738 superest
366 2660 403 2721 ot
424 2657 684 2738 quemadmodum
711 2677 768 2725 neo
796 2676 924 2725 munera
951 2669 1017 2724 neo'
1029 2657 1244 2726 munusue
1265 2674 1322 2723 nos
1342 2677 1367 2733 .3

205 2755 255 2823 lei
287 2758 447 2844 oorrigant
479 2760 724 2844 comprobemus.
758 2772 896 2829 munera.
916 2762 1027 2829 autem·
1056 2758 1108 2826 dei
1136 2762 1169 2829 et
1198 2758 1321 2826 blanoi-

205 2862 311 2926 menta
343 2879 421 2943 quae
454 2862 551 2928 sunt?
587 2880 666 2945 qnae
698 2863 821 2930 seilieet
852 2861 913 2930 nisi
937 2880 1004 2946 ,par
1037 2865 1143 2931 uestra
1172 2865 1205 2928 et
1232 2860 1322 2945 quies

173 2963 315 3028 soreos
334 2965 366 3029 et
387 2964 575 3030 famulantes
602 2964 686 3031 notis
707 2984 747 3032 ao
764 2955 981 3033 uoluntatibus
1003 2967 1124 3032 ¹nostris
1145 2982 1250 3034 rerum
1271 2957 1321 3032 se-

165 3128 173 3141 ,
204 3064 376 3131 motarum
397 3066 668 3150 tranquillitates?
681 3067 809 3151 aliquid
831 3086 913 3152 orgo,
936 3068 1010 3153 qnia
1023 3088 1072 3135 res
1095 3067 1202 3154 exigit,
1225 3068 1320 3135 etiam

205 3170 338 3250 speoisle
370 3168 519 3236 dieamus.
555 3171 652 3256 igitur
687 3171 830 3254 quotiens
862 3172 1015 3239 inmoto
1042 3173 1078 3239 in
1105 3171 1259 3256 angustiis
1288 3171 1322 3238 in

203 3269 348 3351 perieulis
366 3289 488 3353 sumus,
512 3292 583 3341 eum
605 3276 661 3339 aut
681 3272 825 3340 oinitutes
840 3276 882 3340 ab
896 3275 1040 3342 hostibus
1054 3273 1245 3341 obsidentur
1266 3277 1321 3340 aut

203 3373 382 3452 prouineiae
414 3374 613 3459 populatione
631 3377 816 3444 uastantur·
846 3380 902 3443 aut
928 3377 1182 3461 quibuscumque
1209 3393 1321 3442 rerum

171 3475 515 3544 enumerationem
545 3480 690 3562 -publieae
721 3482 862 3546 membra
893 3480 1064 3547 taeduotur
1085 3482 1118 3546 et
1140 3496 1229 3562 opem
1250 3489 1320 3546 oae-

203 3577 292 3644 lestis
310 3596 425 3646 manus
441 3582 528 3646 ¹notis
549 3600 721 3668 praeerour,
741 3582 768 3648 si
783 3599 844 3666 qno
863 3598 969 3650 saoroe
982 3580 1191 3650 miserationis
1205 3582 1364 3660 touton

252 3863 268 3917 l
295 3863 414 3920 onbareet
431 3871 528 3936 pauet.
550 3867 570 3920 lr
591 3868 632 3922 A·
714 3869 755 3926 10
779 3885 827 3925 nos
852 3872 915 3926 uult
939 3871 969 3926 B
1070 3871 1104 3926 12
1130 3872 1321 3928 summiserant

201 3947 465 4017 AB.·(sulrmiserint
484 3952 557 4014 Tio)
613 4000 615 4004 .
659 3953 694 4012 84
716 3955 844 4025 quaedam
861 3957 925 4010 suot
948 3955 976 4010 B
1077 3957 1320 4015 ibvuoluutatibn's

199 4031 343 4089 Rubriae:
361 4035 555 4104 uoluptatibus
577 4038 633 4093 AB
647 4068 658 4081 ·»
679 4075 684 4081 ·
702 4064 713 4073 „
744 4041 778 4095 2'1
799 4041 950 4110 spatialem
972 4042 1001 4096 A
1020 4042 1142 4111 (efflasse
1158 4045 1246 4111 tutae
1262 4059 1320 4114 spe·

201 4116 317 4187 sialiter)
417 4122 521 4190 quoties
546 4123 591 4178 bie
617 4125 935 4191 ets'ersrosr951AB
982 4128 1199 4197 *tmperiuutis
1224 4132 1253 4185 A

201 4202 447 4272 ltprouiutlsem
651 4218 653 4223 ’
781 4242 783 4249 >
860 4259 863 4264 ⁴
965 4260 967 4265 .
1159 4251 1198 4257 --
1270 4225 1272 4230 “
1326 4238 1330 4247 ’
