3076 4764
595 936 809 1036 nlssnu
844 937 942 1036 llll.

249 1215 275 1279 Ι.
304 1214 375 1280 Non
407 1233 457 1280 me
484 1213 650 1299 praeterit,
684 1214 811 1281 domina
837 1216 882 1280 mi
911 1215 1057 1300 eeclesia,
1089 1215 1193 1281 nutrix
1222 1213 1360 1282 beatael

206 1319 282 1403 spei,
312 1317 388 1384 haee
418 1336 497 1401 quae
526 1317 642 1385 libellis
665 1317 877 1402 superioribus
899 1318 1044 1399 diximus,
1077 1320 1235 1385 nonnullis
1258 1317 1334 1384 filiis

206 1423 269 1487 tuis
284 1420 444 1487 Christum
466 1440 577 1507 parum
602 1421 779 1489 amantibus
801 1422 973 1505 displicere.
1005 1423 1057 1488 sed
1075 1441 1131 1488 nos
1154 1423 1332 1488 uoluntates

185 1543 311 1591 aeorum
339 1543 401 1590 non
429 1525 537 1609 magni
565 1526 739 1611 pendimus,
767 1525 840 1609 quia
862 1544 920 1590 neo
941 1525 1056 1591 mirum
1079 1529 1134 1606 est,
1158 1528 1195 1592 ut
1217 1526 1262 1591 eis
1286 1527 1333 1592 lo·

207 1629 335 1711 quentia
357 1628 394 1693 de
417 1629 474 1693 deo
499 1627 594 1693 uerba
615 1647 678 1695 non
699 1631 853 1712 placeant,
876 1629 989 1712 quibus
1010 1629 1076 1714 ipse
1099 1630 1231 1696 forsitan
1255 1630 1332 1696 deus

206 1751 267 1796 non
296 1732 414 1814 placet,
443 1750 499 1797 neo
527 1731 766 1815 expectandum,
796 1736 831 1797 ut
853 1734 1080 1800 insinuatorem
1102 1733 1215 1799 salutis
1238 1736 1334 1818 atque

207 1835 383 1900 animarum
411 1854 585 1901 sermonem
608 1839 713 1902 ament
736 1836 790 1918 qui
813 1836 948 1903 salutem
970 1837 1070 1921 ipsam
1094 1840 1188 1920 atque
1211 1837 1332 1903 animas

207 1955 279 2002 snas
309 1956 371 2003 non
400 1941 517 2004 amant.
555 1938 717 2004 sufficiunt
744 1939 861 2021 itaque,
891 1940 973 2007 siout
1000 1940 1033 2004 in
1056 1939 1136 2020 aliis,
1165 1939 1214 2005 ita
1235 1940 1333 2006 etiam

172 2041 238 2108 10in
261 2041 318 2106 hae
339 2044 428 2125 parte
452 2043 540 2108 nobis
556 2060 664 2107 sensns
682 2042 805 2107 tantum
820 2043 853 2106 et
867 2041 983 2108 indicia
999 2047 1195 2108 sanatorum:
1219 2044 1332 2125 quibus

206 2143 290 2209 idem
312 2147 405 2226 atque
429 2147 510 2227 apud
533 2161 588 2210 nos
604 2145 820 2224 sentientibus,
846 2145 923 2210 serti
945 2144 1082 2228 profesto
1105 2164 1213 2211 snmus
1236 2145 1333 2210 etiam

206 2247 298 2312 deum
314 2248 418 2329 ipsum
434 2246 549 2312 sentire
562 2247 734 2333 nobiseum,
757 2249 839 2331 quia,
856 2267 928 2314 oum
942 2250 975 2315 in
992 2251 1108 2317 sanetis
1123 2251 1187 2316 suis
1203 2250 1332 2332 spiritus

206 2350 256 2416 dei
279 2352 414 2430 maneat,
444 2352 559 2433 absque
587 2350 681 2417 dubio
705 2352 780 2417 deus
802 2350 870 2417 illie
892 2355 949 2430 est,
977 2353 1032 2419 ubi
1053 2353 1111 2419 illa
1132 2373 1202 2437 pars
1225 2352 1331 2431 fuerit,

207 2469 308 2536 aqua
329 2452 379 2517 dei
407 2452 536 2535 spiritus
567 2470 627 2518 non
651 2454 778 2520 resedit.
815 2472 984 2537 planorum
1007 2473 1079 2538 ergo
1102 2455 1275 2534 hominnm,
1299 2447 1362 2520 id2

172 2556 252 2621 nest
280 2556 332 2621 uel
359 2574 551 2639 paganorum
577 2557 629 2621 uel
659 2557 877 2635 mundialium,
908 2576 1015 2623 sensus
1047 2561 1102 2622 aut
1124 2559 1214 2642 parui
1238 2560 1333 2624 aesti-

206 2658 313 2722 mandi
336 2659 410 2723 sunt
431 2662 486 2723 aut
508 2658 728 2725 nihilomnino
750 2659 904 2726 faciendi:
928 2663 1019 2743 quia
1041 2661 1074 2726 si
1096 2661 1332 2742 hominibus,

206 2761 310 2845 inquit
340 2764 505 2847 apostolus,
535 2762 694 2845 plaeere
724 2764 884 2843 uellem,
915 2763 1068 2830 Christi
1099 2783 1235 2830 seruus
1258 2783 1334 2829 non

207 2884 339 2931 essem.
376 2866 455 2931 illud
479 2868 584 2932 durius
607 2885 643 2932 ao
665 2867 838 2945 molestius,
866 2868 1107 2951 quodquidam,
1131 2871 1166 2933 ut
1190 2867 1333 2945 arbitror,

206 2968 343 3034 filiorum
372 2972 496 3035 tuorum
523 2968 581 3034 suh
609 2970 770 3053 religionis
797 2970 890 3036 titulo
918 2989 937 3034 a
965 2970 1114 3056 religione
1143 2971 1331 3038 dissentiunt

173 3094 199 3134 ao
207 3073 238 3136 et
260 3071 368 3137 habitu
398 3072 497 3154 magis
519 3073 678 3137 saeculnm
700 3071 853 3154 reliquere
877 3092 970 3154 quam
993 3092 1101 3139 sensu:
1132 3093 1274 3157 qnorum,
1297 3074 1332 3138 ni

207 3173 309 3253 fallor,
333 3173 487 3239 sententia
509 3174 565 3238 hoo
586 3174 683 3239 habet
704 3178 797 3256 atque
819 3176 944 3259 adserit,
969 3176 1054 3241 omni
1071 3178 1197 3242 omnino
1212 3175 1332 3243 homini

208 3275 384 3343 Christiano
406 3279 669 3361 propinquitatem
697 3277 731 3342 in
753 3279 838 3344 exitu
862 3278 961 3362 magis
983 3281 1241 3346 considerandam
1264 3298 1331 3345 esse

207 3397 301 3461 quam
324 3377 495 3444 Christum.
533 3384 564 3444 et
591 3380 664 3462 quia
686 3379 815 3463 profana
837 3381 963 3463 penitus
985 3400 1041 3463 per
1064 3401 1097 3447 se
1120 3384 1187 3448 erat
1209 3376 1362 3448 exedra-3

207 3481 341 3564 bilisqua
354 3482 517 3564 sententia,
530 3484 646 3562 nelare,
662 3485 698 3548 ut
709 3487 796 3567 puto,
808 3483 1057 3552 infidelissimam
1069 3485 1332 3568 praedicationem

312 3684 343 3737 16
362 3683 421 3738 Gal.
442 3685 465 3750 1,
485 3685 519 3738 10

259 3872 276 3923 3
293 3870 432 3924 nonnullis
450 3886 484 3926 aa
502 3871 548 3926 ·lli
566 3887 637 3927 corr.
654 3889 689 3928 m.
707 3875 727 3928 2
744 3874 772 3929 A
876 3877 907 3931 11
927 3879 994 3946 aput
1010 3878 1039 3931 A
1141 3879 1230 3949 atque]
1250 3894 1332 3950 aeque

208 3955 249 4010 od.
268 3957 406 4012 Bodatius
424 3959 496 4026 (oum
514 3959 542 4027 h)
646 3959 679 4013 15
702 3960 745 4016 nel
764 3963 840 4030 (post
857 3965 909 4031 eet)
927 3979 976 4019 om.
997 3963 1132 4020 Batonius
1235 3967 1268 4020 17
1291 3967 1332 4022 in·

207 4041 272 4182 quio}
298 4041 365 4183 BA
429 4042 1053 4134 auremquereeoreliq-eorr.m.a13
1154 4051 1188 4105 22
1214 4051 1333 4108 conside·

207 4144 254 4183 ran
274 4143 318 4181 um
