3076 4764
491 280 530 334 ad
548 280 723 337 ecclesiam
746 280 790 334 III
809 283 823 344 5
841 280 952 337 87-93,
1223 285 1286 351 299

159 470 252 536 deum
285 469 393 547 credit,
434 469 640 553 dispersit,
680 470 1082 552 deditpuuperibus,
1123 471 1286 538 iustitia

150 575 241 639 eius
264 574 394 638 manet
416 575 452 638 in
476 571 689 637 aeternum
722 568 782 644 sed
815 574 846 637 et
868 571 1005 637 saluator
1027 572 1094 655 ipse
1116 575 1156 640 ad
1178 592 1325 651 omncs„

152 676 288 741 diuites:
311 677 471 743 uendite
487 693 582 759 quae
599 675 814 757 possidetis
830 678 867 740 et
882 677 969 742 date
985 676 1284 759 eleemosynam.

151 782 189 842 et
219 779 311 845 alibi:
344 782 468 844 uende
498 797 593 862 quae
623 778 742 844 habes
765 780 803 842 et
826 778 873 843 da
895 779 1153 862 pauperibus.
1193 799 1285 844 num·

135 881 232 971 equid
263 881 355 967 dicit,
386 881 509 962 agnatis
533 881 589 961 da„¹
615 882 766 964 numquid
790 882 968 947 adfinibus?
1001 901 1061 946 non
1095 883 1203 965 utique
1232 883 1285 948 sed

156 983 342 1066 pauperibus
376 984 430 1050 sed
463 987 584 1068 egenis:
620 982 769 1067 numquid
800 985 972 1068 propinquo
1004 985 1098 1050 diuiti
1129 985 1284 1068 numquid

157 1086 216 1150 ulli
245 1089 370 1151 omnino
400 1086 519 1151 homini
548 1087 766 1172 praepotenti?
800 1105 861 1152 non
891 1088 999 1169 utique
1033 1087 1086 1152 sed
1114 1087 1199 1171 inopi
1231 1089 1285 1154 sed

156 1190 329 1274 egestuoso.
374 1190 528 1273 numquid
562 1191 669 1271 enim„
696 1207 768 1254 cum
801 1190 1009 1272 locupletibus
1043 1190 1186 1273 cognatis
1221 1192 1285 1256 tuis
1295 1189 1335 1257 91

157 1292 364 1357 substantiam
395 1294 483 1359 tuam
511 1290 642 1369 dederis,
674 1291 799 1358 iustitia
828 1296 884 1359 tua
911 1296 1018 1358 manet
1040 1293 1073 1358 in
1098 1294 1284 1360 aeternum?

122 1419 147 1457 ιο
157 1400 211 1460 aut
235 1414 306 1460 cum
321 1396 449 1462 diuitias
464 1410 571 1463 eornm
586 1397 705 1463 diuitiis
724 1396 788 1462 tuis
803 1399 933 1479 auxeris,
957 1398 1139 1462 thesaurum
1155 1398 1284 1463 habebis

156 1498 190 1572 in
219 1499 325 1563 eaelo?
360 1517 446 1578 uae,
475 1501 578 1583 inquit
606 1501 774 1585 propheta,
804 1500 884 1578 his,
914 1502 978 1583 qui
1002 1500 1144 1566 dicunt
1165 1501 1284 1567 dulce

157 1619 328 1666 amarum
352 1603 392 1666 et
413 1620 583 1668 amarum
612 1604 735 1675 dulce
755 1603 1011 1669 etiamlaudari
1033 1623 1052 1668 2
1074 1608 1105 1669 tc
1127 1605 1207 1669 tales
1229 1604 1285 1668 hoe

157 1705 232 1769 deus
255 1704 408 1787 prohibet,
432 1710 464 1770 et
486 1711 521 1793 tu
545 1708 647 1775 ditare
663 1725 726 1778 uon
741 1709 882 1791 metuis?
911 1707 979 1773 dari
993 1708 1042 1772 his
1057 1708 1291 1792 praedicatoria

156 1805 254 1873 uerba
275 1826 336 1872 non
358 1808 437 1890 uult,
461 1811 493 1874 et
514 1813 550 1874 tu
574 1810 668 1876 etiam
691 1811 810 1876 talenta
833 1811 983 1892 largiris?
1016 1809 1161 1875 honorari
1182 1810 1285 1876 uitam

122 1936 147 1976 15
157 1927 265 1974 eorum
280 1910 360 1976 fictis
376 1913 571 1978 sermonibus
586 1914 691 1995 uetat,¹
702 1917 732 1978 et
747 1915 808 1978 ate
820 1912 959 1978 thesauri
973 1913 1285 1998 eorumdiuitiaeque

153 2012 384 2079 cumulantur?

199 2133 268 2196 XX.
300 2132 359 2198 Sed
390 2135 505 2201 ueneris
535 2135 681 2211 uidelicet
711 2136 820 2225 uultus
846 2135 1135 2203 circumsidentium
1156 2136 1336 2220 propin-92

152 2255 288 2319 *quorum
313 2242 344 2303 et
367 2242 546 2319 praesentes
568 2242 666 2321 atque
682 2240 858 2304 obsidentes
882 2240 1033 2305 lectulum
1056 2243 1146 2303 tuum
1169 2239 1283 2304 metuis

157 2339 318 2405 offendere.
350 2360 395 2405 ne
418 2343 608 2408 timueris
623 2361 701 2426 eos,
724 2340 828 2426 inquit
851 2342 993 2409 dominus
1016 2359 1072 2422 per
1088 2340 1283 2424 prophetam,

122 2461 278 2524 seneque
306 2445 614 2526 pauoasafacie
644 2464 795 2523 eorum,
826 2445 1007 2528 quoniam
1037 2443 1173 2508 domus
1201 2462 1284 2508 exa·

156 2564 315 2627 sperans
345 2550 412 2612 est.
451 2551 483 2618 ot
510 2548 580 2617 ideo
596 2548 704 2623 ⁴etiam.
723 2550 758 2612 tu
781 2549 848 2612 esto
867 2545 1045 2628 :intrepidus
1069 2548 1100 2615 et
1123 2546 1284 2611 constans:

155 2668 217 2714 non
251 2650 397 2716 formides
430 2651 538 2723 uultus
573 2670 677 2718 eorum
712 2669 810 2733 neque
841 2649 994 2733 frangaris
1022 2647 1142 2713 ambitu
1166 2665 1282 2713 eorum.

157 2753 279 2836 despice
313 2753 564 2836 concupiscentes
598 2752 807 2819 hereditatem
840 2754 928 2817 tuam
951 2756 982 2817 et
1011 2751 1186 2818 diuidentes
1220 2752 1284 2819 iam
1294 2758 1336 2824 93

156 2854 238 2921 inter
260 2874 292 2921 se
314 2856 522 2921 substantiam
544 2857 643 2936 tuam,
668 2857 722 2940 qui
744 2874 804 2920 non
820 2858 852 2921 te
867 2857 920 2920 sed
943 2854 1169 2937 patrimonium
1193 2857 1284 2921 tuum

122 2959 305 3042 aediligunt,
336 2961 443 3035 immo
459 2959 514 3041 qui
540 2959 712 3043 cupiditate
741 2978 846 3024 rerum
875 2963 1001 3025 tuarum
1034 2960 1065 3023 te
1094 2959 1283 3026 execrantur.

156 3079 231 3128 nam
259 3063 343 3128 dum'
362 3065 417 3133 tue
444 3061 633 3145 inpatienter
655 3061 778 3142 sitiunt,
809 3061 840 3126 te
863 3064 995 3128 oderunt
1017 3060 1285 3144 praesentiamque

155 3168 245 3234 tuam
275 3167 362 3247 quasi
391 3166 546 3231 aemulam
576 3165 636 3230 sibi
665 3168 696 3229 et
720 3164 932 3237 aduersariam
948 3165 1133 3232 ‘iudicantes
1166 3165 1285 3230 obicem

206 3351 276 3439 42
303 3353 367 3408 nuo.
396 3354 436 3420 12,
463 3354 497 3408 22
607 3352 749 3435 422222.
780 3353 820 3431 re,
847 3352 880 3405 21
991 3352 1023 3406 11
1050 3352 1103 3406 rsa.
1129 3350 1154 3418 s,
1182 3351 1216 3405 2ο

157 3437 379 3505 lanceolas
632 3443 635 3455 ,
840 3449 841 3454 Β
938 3458 941 3464 -

207 3609 224 3662 3
251 3608 360 3663 uendite
387 3598 453 3678 quae
479 3625 501 3663 e.
527 3624 579 3664 rer.
604 3626 640 3665 m.
664 3610 684 3663 2
712 3609 802 3678 inquit
828 3609 856 3662 A
959 3608 1137 3684 elymosinam
1160 3605 1215 3661 AB

154 3694 173 3748 4
198 3693 281 3748 habes
308 3710 342 3749 aa
370 3692 430 3749 -bis
451 3693 521 3750 corr.
545 3697 618 3749 m.2
644 3695 684 3750 A·
779 3695 796 3749 5
822 3693 950 3748 affinibus
976 3703 1011 3748 ecc
1038 3693 1095 3747 odf-
1118 3707 1193 3747 corr.
1212 3693 1285 3746 m.2

155 3778 183 3833 Β
288 3780 302 3833 7
330 3775 376 3834 sed
404 3781 488 3850 inopi]
512 3781 558 3834 sed
581 3781 658 3857 egeni
682 3779 727 3835 sed
751 3780 825 3854 inopi
848 3780 878 3834 Β
906 3779 952 3834 sed
976 3780 1067 3848 egenti
1084 3777 1130 3833 scd
1147 3778 1225 3846 inopi
1243 3765 1284 3850 cd.

155 3865 293 3920 Batonius
397 3858 426 3920 l'l
446 3865 541 3935 inquid
559 3872 584 3921 ct
601 3867 625 3920 is
643 3880 665 3924 2.
683 3870 734 3922 ser.
752 3877 788 3921 on.
806 3862 862 3920 an
882 3867 908 3920 Β
1014 3865 1046 3920 12
1063 3864 1171 3919 laudare
1189 3864 1217 3919 Β

156 3950 190 4004 17
207 3950 456 4006 circumsedentium
474 3952 502 4007 Β
523 3956 600 4007 22222
618 3952 771 4008 circumsid·
789 3967 857 4008 corr.
875 3968 911 4010 m.
928 3954 949 4006 2
965 3952 993 4005 A
1095 3952 1128 4006 19
1151 3951 1283 4020 timueris]

156 4039 282 4092 metueris
302 4038 498 4092 radebatur
514 4039 580 4093 item
593 4038 759 4108 paulopost
776 4040 807 4092 tu
826 4037 909 4092 ctiam
928 4044 989 4092 cam
1009 4037 1037 4092 Β
1141 4037 1231 4105 inquit
1251 4051 1285 4090 erc

155 4124 250 4193 inquid
274 4139 343 4179 corr.
361 4140 395 4177 m.
414 4127 434 4177 2
456 4124 483 4177 Β
587 4124 621 4178 23
643 4124 743 4193 dispice
761 4126 803 4191 A,
823 4124 987 4192 paulopost
1004 4124 1105 4192 dispice
1123 4124 1151 4177 A
1169 4129 1195 4179 et
1214 4123 1285 4190 desp.

158 4226 191 4265 22
210 4210 277 4279 disp.
296 4225 365 4264 corr.
385 4210 412 4263 Β
