3076 4764
312 261 356 326 34
798 254 952 309 Saluiani

311 448 444 514 Paulus=
478 447 518 511 in
551 449 656 532 ipsu,
690 444 809 528 inquit,
844 449 882 511 et
910 447 1150 510 1111111661
1180 462 1380 509 monemur
1402 448 1439 508 et

311 570 450 616 snmus.
488 553 558 635 plus
588 552 703 634 absque
733 548 829 614 dubio
859 568 954 631 quam
982 548 1171 632 gubernator
1200 549 1249 612 est
1278 547 1381 626 uitae,
1404 546 1438 611 in

312 672 372 736 quo
394 657 496 720 motus
519 656 585 737 ipse
612 653 748 718 uiuentis
771 656 829 718 est.
866 670 928 718 non
950 652 1035 717 enim
1057 652 1135 716 dixit
1157 654 1195 718 ab
1217 653 1285 735 ipso
1307 669 1363 716 nos
1385 654 1437 717 sed

311 758 342 822 in
365 757 433 840 ipso
456 759 591 834 moueri,
622 759 736 822 doeens
765 755 889 821 66111661
918 755 1048 821 insitam
1069 755 1154 820 intra
1176 758 1310 820 uirtutes
1334 772 1436 820 saeras

310 860 449 928 omnium
484 862 628 927 nestrum
662 878 728 925 esse
762 858 989 938 substantiam,
1027 858 1101 941 quia
1133 859 1166 922 in
1199 859 1267 941 ipso
1299 857 1471 941 profestos

261 963 462 1048 10uiuimus,
493 983 595 1046 sque
625 963 685 1028 hoe
713 965 816 1046 ipsum
848 963 1031 1029 adducimus
1059 962 1141 1044 quod
1172 980 1290 1026 sumus.
1327 962 1381 1025 sed
1404 964 1437 1027 61

310 1067 448 1132 saluatur
479 1067 544 1148 ipse
573 1066 607 1131 in
631 1066 810 1150 euangelio:
844 1084 933 1131 6666
961 1083 1047 1150 ego,
1080 1066 1198 1147 inquit,
1232 1066 1437 1131 nobiseum
1469 1140 1473 1148 ⁴

308 1188 393 1235 sum
430 1171 611 1238 omnibus
648 1170 786 1237 diebus
819 1188 940 1252 usque
973 1170 1017 1234 ad
1054 1169 1437 1235 consummationem

212 1308 213 1312 =
309 1273 473 1338 saeenli.
505 1291 567 1339 non
590 1274 692 1340 solnm
714 1274 877 1339 nobiseum
899 1292 933 1338 se
955 1291 1019 1338 esse
1043 1272 1122 1339 dixit
1144 1274 1310 1338 sedetiam
1334 1273 1434 1338 emni-

306 1375 364 1439 bus
388 1377 496 1442 diebus
518 1396 583 1442 esse
606 1379 779 1444 nobiseum.
817 1379 852 1441 11
876 1395 957 1455 eum,
979 1395 996 1440 6
1019 1376 1232 1459 ingratissime
1254 1377 1356 1456 homo,
1381 1377 1434 1460 qni
1444 1396 1469 1435 10

307 1479 373 1542 sine
398 1482 567 1546 sessatione
590 1481 749 1546 nobiseum
771 1481 826 1560 est,
849 1499 905 1545 nee
928 1498 1035 1544 euram
1057 1499 1114 1545 nee
1135 1481 1433 1563 respeetnmnostri

305 1583 420 1649 habere
455 1584 556 1650 dieis?
589 1584 663 1666 quid
697 1602 770 1667 erge
805 1582 881 1649 faeit
914 1585 1096 1649 nobiseum?
1128 1585 1281 1667 numquid
1310 1586 1349 1648 ad
1377 1584 1434 1649 hee

307 1687 468 1754 nobiseum
491 1691 549 1770 est,
573 1688 610 1752 ut
632 1707 693 1753 non
715 1688 872 1769 respiciat,
893 1692 928 1752 ut
951 1688 1121 1773 neglegat?
1144 1689 1175 1751 et
1198 1690 1350 1770 quomedo
1372 1688 1432 1753 sibi

306 1794 474 1874 utrumqne
505 1792 667 1869 conuenit,
701 1792 813 1873 utqui
840 1792 952 1873 pietati
981 1792 1121 1874 praestat
1142 1792 1350 1876 praesentiam
1371 1793 1431 1856 im·

306 1895 417 1977 pietati
440 1896 558 1960 tribuat
586 1895 761 1961 incuriam?
799 1914 886 1961 6666
920 1898 1037 1973 enirn,
1071 1896 1192 1976 inquit,
1227 1896 1466 1962 uobiscumrs

305 2017 389 2063 sum
423 1998 605 2065 omnibus
641 1999 779 2063 diebus
803 2017 939 2082 ¹usqne
972 2001 1017 2063 ad
1052 2000 1432 2064 consummationem

256 2102 469 2166 llsaeeuli.
508 2103 662 2186 praeclare
691 2103 840 2168 uidelicet
869 2103 1015 2167 affectum
1040 2101 1090 2166 dei
1112 2103 1374 2185 interpretamur,
1405 2105 1431 2169 si

304 2224 359 2270 nes
388 2208 616 2272 ealumuiamnr
644 2209 682 2272 ab
713 2225 748 2272 eo
777 2207 891 2292 iugiter
920 2206 1060 2288 neglegi,
1096 2224 1168 2271 eum
1197 2206 1252 2271 ille
1280 2226 1335 2271 nes
1358 2226 1376 2272 a
1398 2225 1430 2271 se

303 2309 438 2375 testetur
469 2311 585 2394 iugiter
615 2330 677 2377 161
710 2311 854 2392 relinqui.
892 2310 948 2374 ille
978 2330 1033 2395 per
1054 2310 1113 2375 166
1136 2311 1295 2375 ostendere
1317 2310 1428 2389 uoluit,

226 2480 228 2482 ,
303 2413 386 2494 qued
415 2433 432 2478 a
461 2415 549 2481 nobis
578 2414 689 2480 affeetu
718 2434 755 2480 ae
784 2414 975 2496 protectione
1004 2414 1121 2496 iugiter
1151 2433 1213 2479 non
1247 2414 1463 2492 discederetur

303 2517 378 2596 quia
400 2534 419 2580 a
440 2518 528 2584 nobis
552 2518 647 2583 etiam
669 2519 843 2601 praesentia
858 2536 919 2582 non
936 2516 1068 2583 abesset.
1093 2534 1148 2582 nos
1163 2517 1196 2581 in
1212 2519 1427 2598 eontemptum

302 2619 402 2684 nostri
425 2619 565 2685 diuinam
587 2624 740 2687 uertimus
770 2623 948 2696 caritatem,
977 2639 1033 2685 nos
1056 2621 1169 2686 ameris
1192 2619 1373 2684 testimonia
1394 2619 1428 2683 in

302 2720 366 2785 odii
388 2728 576 2805 argumenta
597 2727 763 2789 mutamus.
797 2725 856 2791 hee
880 2725 971 2803 euim,
997 2727 1077 2806 qnod
1099 2728 1295 2807 praesentem
1313 2741 1345 2787 66
1361 2741 1427 2787 6666

303 2824 389 2903 dieii,
415 2826 477 2891 odii
500 2827 602 2909 magis
625 2828 839 2893 testimenium
854 2847 920 2893 esse
936 2830 1080 2894 uolumus
1096 2845 1190 2909 quam
1206 2826 1328 2891 amoris.
1354 2845 1425 2891 nam

302 2926 329 2990 si
353 2930 511 2994 absentem
534 2950 567 2995 se
590 2931 732 2996 dominus
754 2932 896 2997 luiturum
919 2950 985 2996 esse
1007 2931 1151 3012 dixisset,
1175 2933 1278 2995 minus
1304 2933 1461 2996 eausarier

301 3030 431 3098 forsitan
460 3035 498 3099 de
526 3035 648 3101 inenria
677 3041 857 3120 poteramus
886 3036 1032 3101 absentis.
1070 3036 1196 3100 maioris
1228 3037 1425 3117 contemptus

300 3153 349 3197 res
373 3140 419 3201 est
442 3139 535 3221 etque
558 3139 693 3218 fastidii,
725 3141 751 3204 si
775 3159 830 3206 nes
852 3140 967 3224 iugiter
989 3140 1128 3223 neglegit
1151 3138 1204 3222 qui
1226 3159 1245 3204 a
1266 3139 1353 3204 nobis
1377 3139 1425 3202 iu-

299 3237 381 3320 giter
404 3259 463 3304 161
485 3244 621 3327 resedit3
655 3249 687 3309 et
709 3246 780 3327 plns
802 3246 835 3308 in
858 3263 890 3309 66
913 3243 975 3308 6111
999 3245 1095 3309 nostri
1118 3244 1227 3323 habet,
1256 3245 1284 3309 si
1306 3246 1345 3308 ad
1367 3243 1425 3306 hoe

300 3360 422 3425 semper
451 3346 615 3411 nobiseum
642 3349 820 3431 permanet,
843 3352 878 3413 ut
903 3348 956 3429 qui
978 3366 1035 3413 nos
1058 3349 1232 3430 praesentia
1253 3367 1424 3430 numquam

248 3438 416 3511 ltreserit
438 3467 560 3531 semper
582 3451 725 3532 repudiet
748 3452 870 3516 affeetu.
905 3451 958 3516 sed
980 3451 1063 3517 absit
1085 3453 1142 3517 hee
1165 3452 1202 3516 de
1223 3452 1363 3535 piissimo
1388 3466 1459 3516 aueo

298 3550 585 3617 misericordissimo
615 3554 670 3616 deo
700 3554 799 3633 eredi,
831 3557 865 3620 ut
891 3556 929 3619 ad
952 3555 1009 3621 hue
1031 3575 1156 3639 semper
1178 3558 1268 3624 nobis
1290 3557 1425 3622 uoluerit

298 3652 456 3731 adsistere,
479 3657 515 3718 nt
538 3675 593 3720 nos
616 3657 732 3723 maiore
751 3657 879 3725 fastidio
895 3659 1058 3743 neglegere
1073 3660 1236 3725 uideretur
1252 3661 1421 3726 adsistens:

299 3752 382 3817 absit
406 3755 464 3820 hee
485 3758 587 3824 scelus
611 3762 679 3826 diei.
718 3782 808 3827 nemo
832 3765 930 3843 enim,
954 3768 1044 3845 puto,
1071 3765 1122 3828 uel
1144 3764 1264 3830 111616
1287 3766 1423 3830 humano

399 3891 492 3945 1ue.
512 3862 612 3960 1128
710 3895 844 3950 116161.
863 3897 905 3964 aa,
924 3898 958 3951 20

349 4008 381 4062 12
399 4011 464 4065 16611
482 4028 544 4081 ergo
562 4015 590 4067 B
684 4018 717 4071 15
735 4018 858 4073 tribuant
875 4020 903 4073 B
999 4021 1032 4076 17
1050 4022 1187 4093 111611661]
1206 4024 1309 4078 66111661
1327 4025 1354 4078 Β

295 4093 330 4147 20
347 4096 386 4166 ac]
404 4100 432 4150 et
451 4099 478 4152 B
581 4101 613 4155 21
638 4103 701 4170 quia
718 4104 796 4158 nobis
813 4105 840 4158 A
944 4106 977 4160 22
1000 4108 1155 4163 testimonie
1173 4110 1201 4163 B
1303 4109 1423 4165 231111-

296 4181 384 4235 tamns
402 4184 429 4237 B
447 4191 517 4240 aaz
