3076 4764
496 307 533 361 de
550 306 688 375 gubern.
707 305 759 360 dei
782 305 827 360 111
846 310 861 372 ξ
880 305 955 358 2-6.
1247 307 1288 374 43

164 500 370 584 adprobamus
395 497 476 582 quod
497 497 591 581 regit,
615 497 687 580 quia
714 514 747 561 se
769 514 875 580 regere
897 494 1047 560 testaturz
1071 512 1141 560 eum
1159 495 1292 578 legimus

163 604 243 687 quod
266 600 422 685 praesenti
452 601 566 666 iudioio
596 600 744 665 uniuersa
778 599 953 681 dispenset,
984 598 1042 662 hoo
1069 599 1135 680 ipso
1165 599 1291 664 euidens

164 710 212 775 est
235 708 316 790 quo‘d
340 706 465 784 iudicat,
489 705 562 788 quia
584 723 618 768 se
639 703 774 769 iudicare
791 702 964 767 confirmat.
987 702 1050 766 alia
1071 703 1154 767 enim
1176 702 1290 782 omnio,

161 813 194 878 id
218 815 265 876 est
289 810 426 875 humana
449 809 539 884 diota,
565 806 757 890 argumentis
781 823 816 870 ao
836 804 970 870 testibus
986 805 1093 886 egent:
1118 807 1165 871 dei
1185 809 1291 869 eutem

141 932 263 979 ssermo
286 914 352 995 ipse
376 914 435 978 sibi
451 912 542 976 testis
559 912 613 990 est,
639 912 712 992 quia
733 927 854 974 neeesse
871 912 928 986 est,
951 907 1099 990 quicquid
1114 908 1291 990 incorrupta

160 1017 275 1082 ueritas
304 1015 455 1098 loquitur,
486 1015 701 1096 incorruptum
730 1013 772 1076 sit
801 1013 1015 1077 testimonium
1044 1012 1198 1076 ueritatis.
1236 1007 1320 1076 sedb

160 1122 266 1185 tamen
295 1137 366 1183 oum
393 1139 447 1202 per
474 1119 645 1202 scripturas
677 1134 779 1182 sacras
809 1115 888 1180 seire
916 1133 970 1180 nos
1002 1115 1091 1198 quasi
1113 1118 1150 1180 de
1179 1131 1289 1178 arcano

162 1223 258 1289 animi
291 1241 327 1288 ae
360 1225 472 1287 mentis
502 1242 576 1288 suae
606 1224 757 1303 quaedam
785 1221 920 1285 uoluerit
950 1220 1025 1284 deus
1058 1219 1181 1297 noster,
1217 1216 1290 1299 quia

160 1328 264 1409 ipsum
288 1327 512 1408 quodammodo
535 1326 709 1408 seripturae
733 1342 838 1388 saonae
861 1324 1019 1388 oraculum
1049 1323 1098 1388 dei
1121 1340 1207 1387 mens
1230 1322 1288 1399 est,

125 1452 151 1492 10
160 1429 308 1512 quioquid
331 1429 382 1493 uel
404 1429 532 1511 agnosoi
560 1448 614 1511 per
643 1446 713 1493 suos
736 1428 787 1492 uel
809 1427 984 1510 praedioari
1007 1425 1081 1489 deus
1104 1426 1206 1490 uoluit
1228 1441 1290 1489 non

159 1532 277 1597 tacebo.
309 1552 407 1596 unum
431 1531 575 1614 quamuis
597 1531 683 1614 prius
708 1550 800 1613 quam
822 1529 908 1612 loqui
931 1530 1034 1594 ordiar
1056 1531 1133 1593 seire
1155 1531 1288 1610 cupiam,

159 1654 229 1700 oum
252 1635 439 1700 Christianis
462 1634 542 1698 mihi
564 1634 753 1716 loquendum
777 1652 817 1697 an
840 1650 910 1697 oum
932 1632 1060 1714 paganis
1082 1633 1133 1696 sit.
1158 1630 1288 1695 sienim

159 1758 230 1804 oum
254 1737 456 1815 Christianis,
486 1737 687 1819 probaturum
717 1755 767 1800 me
799 1736 879 1817 quod
910 1752 968 1818 ago
991 1753 1057 1799 esse
1081 1753 1142 1798 non
1165 1733 1287 1810 dubit03

158 1845 185 1907 si
207 1845 313 1905 autem
337 1840 576 1924 compegeris,
600 1840 730 1922 probare
755 1841 967 1916 contemnum,
1000 1854 1061 1902 non
1083 1839 1156 1919 quia
1177 1839 1288 1918 proba·

123 1965 147 2006 15
158 1944 241 2008 tione
264 1943 398 2026 definior,
422 1947 476 2008 sed
499 1944 574 2026 quia
596 1942 793 2025 profuturum
817 1941 898 2022 quod
921 1943 1029 2023 loquor
1055 1959 1121 2004 esse
1143 1942 1286 2022 despera

157 2045 367 2111 infructuosus
391 2045 504 2128 quippe
527 2047 627 2109 estet
650 2044 753 2109 inanis
782 2043 888 2121 labor,
918 2044 973 2107 ubi
995 2060 1055 2108 non
1078 2043 1188 2124 recipit
1216 2059 1286 2125 pro-

157 2147 315 2212 bationem
337 2167 451 2229 prauus
476 2148 606 2216 auditor.
631 2149 684 2213 sed
707 2150 817 2213 tamen
840 2148 912 2230 quia
927 2168 993 2212 esse
1015 2148 1139 2214 nullum
1161 2147 1286 2212 omnino

156 2250 290 2314 arbitror
312 2250 484 2316 Christiani
507 2253 640 2315 nominis
663 2252 831 2330 hominem,
856 2254 908 2333 qui
931 2269 991 2315 non
1005 2261 1047 2315 'se
1070 2251 1286 2316 Christianum

156 2353 256 2417 uideri
285 2353 379 2430 uelit,
412 2372 466 2437 ego
491 2373 562 2418 oum
586 2353 761 2419 Christiano
784 2372 885 2436 agam.
931 2357 1072 2438 quamuis
1103 2357 1184 2419 enirn
1200 2352 1286 2435 'quis

120 2455 270 2537 reimpiae
299 2475 334 2520 ao
362 2455 532 2538 paganioae
560 2456 756 2522 infidelitatis
790 2456 847 2534 sit,
883 2458 961 2521 mihi
994 2462 1098 2523 tamen
1128 2457 1207 2521 satis
1236 2457 1285 2521 est

156 2557 331 2623 Christiano
353 2558 480 2641 probari
503 2560 584 2641 quod
607 2559 684 2623 dioo.

197 2696 240 2759 ΙΙ.
265 2695 410 2762 Causaris
426 2697 533 2780 igitur,
558 2697 632 2779 quid
649 2699 691 2762 sit
706 2699 801 2778 istud,
826 2701 907 2782 quod
924 2699 1104 2778 Christiani,
1122 2700 1174 2783 qui
1191 2696 1314 2765 deum6

155 2800 327 2879 credimus,
358 2801 531 2866 miseriores
555 2800 698 2866 omnibus
722 2820 837 2867 sumus.
883 2802 1024 2868 suffioere
1051 2804 1178 2885 quidem
1205 2803 1284 2868 mihi

156 2903 194 2966 ad
217 2905 468 2986 respondendum
490 2904 547 2970 hoo
570 2906 638 2971 loeo
655 2907 787 2988 poterat,
812 2909 892 2987 quod
906 2908 1065 2989 apostolus
1083 2910 1121 2972 ad
1138 2907 1283 2971 eeclesias

119 3005 247 3070 redixit:
270 3025 379 3070 nemo
409 3010 612 3073 moueatur
635 3007 676 3071 in
699 3008 1058 3088 tribulationibus;
1081 3010 1158 3091 ipsi
1182 3010 1282 3074 enim

154 3107 273 3172 saitis
297 3108 483 3190 quoniam
514 3110 551 3175 in
574 3109 646 3175 hoo
674 3112 798 3194 positi
821 3131 964 3177 sumus.
1010 3114 1042 3176 et
1065 3115 1133 3177 ideo
1156 3131 1226 3176 oum
1249 3114 1281 3177 in

154 3209 212 3275 hoe
233 3211 348 3295 positos
379 3231 433 3277 nos
457 3231 563 3278 essee
587 3216 642 3278 deo
673 3215 831 3296 apostolus
863 3216 961 3294 dieat,
994 3220 1030 3280 ut
1060 3235 1223 3281 aerumnas
1246 3219 1282 3279 ut

154 3314 297 3378 miserias
327 3316 362 3378 ut
396 3315 543 3381 trist'tias
573 3315 783 3399 perferamus,
813 3320 886 3400 quid
917 3321 1032 3385 mirum
1056 3323 1117 3398 est,
1150 3321 1177 3383 si
1199 3319 1282 3384 mata

154 3421 267 3481 eurota
288 3417 484 3501 perferimus,
509 3420 562 3501 qui
585 3419 624 3485 ad
640 3421 801 3486 toleranda
817 3423 947 3487 aduersa
962 3425 1065 3487 omnia
1080 3422 1280 3487 militamus?

253 3620 286 3674 25
312 3621 437 3677 IThess.
458 3622 518 3687 3,3

204 3809 219 3861 1
239 3809 398 3877 aprobamus
416 3811 444 3863 Β
549 3811 565 3864 7
584 3811 711 3866 seirenes
724 3814 859 3882 quasinoe
872 3814 904 3868 de
916 3831 965 3868 nos
979 3815 1093 3870 archano
1107 3818 1165 3886 (sie)
1184 3818 1211 3870 B

151 3910 285 3949 arcanos.
304 3894 392 3950 soah
412 3896 451 3950 tit.
470 3914 575 3952 m.ree.
594 3900 622 3953 A
726 3900 760 3954 14
782 3901 887 3969 probari
906 3906 1090 3971 contempnam
1110 3904 1138 3957 A
1167 3907 1280 3972 probare

150 3983 308 4050 contempno
322 3981 349 4035 Β
437 3983 470 4038 14
482 3983 589 4039 deficiat
601 3985 756 4055 probatione
768 3987 797 4039 B
807 4004 839 4042 m.
854 3991 870 4040 1
893 4004 946 4042 non
959 3988 1068 4043 defioiar
1080 3990 1108 4043 in
1121 3989 1277 4058 probatione

149 4065 178 4118 Β
196 4081 264 4122 corr.
369 4068 401 4121 17
427 4070 492 4136 quia
516 4071 606 4124 tamen
632 4071 659 4126 A
682 4071 731 4127 sed
748 4073 857 4128 adtenta
875 4080 939 4128 saut
957 4076 1179 4143 transpositionis
1196 4078 1278 4148 sipoto

149 4155 219 4203 nal
323 4153 355 4207 19
374 4154 453 4208 nell&
471 4155 498 4208 A
601 4157 633 4212 21
653 4159 835 4214 aOhristiano
854 4160 881 4213 Β
983 4159 1017 4216 23
1036 4162 1277 4217 omnibusmiseri·

150 4251 209 4290 ores
228 4237 255 4291 Β
344 4239 379 4295 25
396 4240 583 4296 tribulationis
601 4243 627 4296 Β
718 4245 751 4299 27
769 4261 817 4299 nos
836 4261 886 4304 om.
905 4247 933 4300 A
1018 4247 1093 4302 adeo
1113 4261 1162 4302 om.
1182 4248 1210 4302 Β
