3076 4764
203 291 266 356 206
690 285 845 340 Saluiani

202 495 387 560 quaesumus
410 475 515 540 liceat.
546 478 591 540 ita
613 477 743 556 possunt
765 474 894 556 pignora
912 473 957 538 sic
972 474 1110 539 amantia
1126 493 1188 539 non
1204 473 1332 540 amari?

202 581 277 662 quid
299 582 422 645 tantum
446 579 521 643 mali
546 578 796 651 commeruimus,
826 577 878 641 uel
901 577 1032 641 allectus
1056 577 1253 643 dilectissimi
1275 580 1327 644 uel

201 685 319 748 domini
346 683 608 764 reuerendissimi‚
638 683 674 745 ut
697 679 787 744 nobis
809 698 866 745 neo
896 681 1060 762 tamquam
1082 679 1156 744 filiis
1180 681 1332 749 reddatur

171 787 303 868 agraria
336 805 393 851 neo
425 788 588 866 tamquam
625 783 752 848 famulis
786 783 967 847 remittatur
1000 783 1140 848 offensa?
1177 785 1328 868 septimus

200 891 263 954 iam
287 890 384 955 ferme
407 908 504 953 annus
527 890 585 964 est,
609 906 645 952 ex
668 905 728 968 quo
751 887 839 950 nulla
853 886 893 949 ad
916 903 970 951 nos
992 887 1059 951 tam
1081 886 1173 971 longe
1197 890 1328 954 anobis
1351 904 1367 944 ⁵

200 991 276 1057 sitos
307 993 424 1073 scripta
455 990 594 1056 misistis.
632 989 728 1054 nullis
758 1008 854 1070 paene
883 989 918 1053 in
952 989 1044 1054 deum
1073 989 1327 1074 delinquentibus

199 1099 265 1160 tam
288 1096 418 1177 longum
440 1095 570 1178 lugendi
592 1098 714 1176 tempus
729 1095 899 1175 inponitur,
923 1095 1027 1159 nullos
1044 1094 1213 1158 admodum
1229 1099 1328 1161 maxi·

199 1216 322 1263 morum
353 1199 520 1265 criminum
534 1234 551 1264 e
565 1233 581 1264 s
596 1203 632 1265 ut
662 1200 733 1281 plus
763 1200 858 1278 emet,
891 1199 1011 1264 scilicet
1034 1204 1069 1263 ut
1093 1200 1190 1281 patris
1222 1202 1327 1264 motus
1386 1229 1402 1263 ι

200 1320 262 1366 non
278 1303 465 1368 detrimenta
481 1303 594 1368 amoris
611 1303 683 1380 sint,
707 1301 761 1366 sed
776 1302 943 1384 proiectus,
967 1321 1038 1367 cum
1055 1305 1207 1384 quantum
1223 1303 1328 1368 coher-

201 1406 276 1470 citio
310 1407 461 1470 adtulerit
497 1407 588 1471 unius
626 1407 828 1489 correctioni,
866 1407 991 1470 tantum
1030 1407 1178 1471 correctio
1215 1407 1328 1472 reddat
1338 1435 1366 1474 ro

171 1511 327 1579 dmutuae
359 1510 493 1574 caritati.
533 1528 722 1591 quamquam
750 1509 808 1574 hoc
837 1509 907 1574 illos
936 1509 1036 1592 magis
1058 1510 1202 1592 parentes
1225 1510 1327 1575 facere

201 1613 374 1691 conueniat,
399 1613 452 1694 qui
467 1616 505 1678 de
526 1611 685 1677 nonnullis
707 1612 840 1695 negotiis
862 1629 953 1677 ueras
977 1612 1132 1692 irascendi
1154 1612 1229 1677 filiis
1253 1632 1327 1678 cau·

200 1734 249 1780 aas
273 1716 398 1780 habent.
436 1718 599 1780 tuentem
622 1715 695 1797 quid
718 1732 889 1792 suscenses,
915 1715 967 1797 qui
991 1734 1026 1778 ex
1049 1733 1108 1796 quo
1132 1714 1326 1780 Christianus

199 1817 302 1882 factus
325 1837 367 1894 es,
392 1819 486 1882 etiam
512 1817 606 1882 salsas
633 1818 743 1882 habere
770 1817 901 1906 desisti?
932 1818 995 1883 esto
1019 1819 1102 1882 enim
1125 1818 1327 1883 conuersiun-

199 1920 304 1984 culam
341 1926 481 1985 nostram
517 1939 657 2003 paganus
694 1921 850 2002 quondam
882 1940 944 1985 non
977 1921 1203 2002 aequanimiter
1236 1939 1364 1989 auce-1⁵

139 2051 140 2054 ¹
200 2023 299 2105 peris:
334 2023 461 2088 ferenda
491 2025 566 2088 tunc
595 2023 656 2087 fuit
682 2043 719 2088 er
742 2023 997 2088 dissimilitudine
1027 2024 1200 2088 studiorum
1230 2025 1326 2089 etiam

201 2126 408 2208 discrepantia
436 2129 651 2207 uoluntutum‚
686 2128 807 2209 quando
836 2126 926 2191 nobis
957 2127 1016 2191 etsi
1046 2146 1133 2192 amor
1163 2146 1223 2191 non
1256 2146 1327 2192 sus-

200 2230 359 2304 censebat,
394 2228 573 2312 superstitio
607 2233 712 2295 tamen
745 2230 977 2295 aduersabatur.
1022 2248 1094 2295 nam
1129 2231 1205 2294 licet
1238 2231 1328 2312 pater

171 2336 260 2398 'lnon
283 2333 398 2397 odisset
420 2331 528 2410 filiam,
558 2350 641 2397 error
662 2335 768 2405 tamen
792 2333 897 2397 oderat
921 2334 1096 2398 ueritatem.
1128 2352 1212 2398 nunc
1234 2334 1326 2417 longe

200 2434 286 2499 aliud
319 2437 376 2499 est
421 2454 456 2499 ex
490 2454 549 2517 quo
579 2435 629 2500 dei
659 2435 780 2501 cultum
810 2435 967 2516 professus
1001 2455 1043 2516 es,
1076 2455 1131 2518 pro
1168 2456 1218 2501 me
1255 2456 1364 2520 pro-ao

166 2538 363 2604 'nuntiasti
417 2539 444 2602 si
480 2541 666 2620 praeteritas
703 2539 820 2603 irarum
857 2557 965 2603 causas
1003 2539 1176 2620 exequeris,
1215 2541 1327 2622 inputa

199 2641 269 2724 tibi,
294 2643 347 2726 qui
377 2639 552 2706 Christiano
580 2641 678 2706 filiam
700 2643 788 2704 tuam
811 2640 934 2706 dedisti.
980 2642 1007 2705 si
1029 2641 1062 2706 id
1084 2661 1144 2708 non
1167 2643 1222 2722 est,
1252 2644 1326 2725 quid

199 2745 279 2809 milri
315 2745 474 2820 irasceris,
513 2745 587 2826 quia
624 2764 692 2810 eam
725 2763 807 2810 nunc
840 2746 872 2808 in
906 2765 956 2810 me
992 2745 1175 2827 religionem
1213 2764 1327 2829 augore

199 2847 299 2930 cupio,
323 2866 419 2928 quam
441 2849 477 2911 tu
500 2848 533 2911 in
556 2851 587 2911 te
610 2847 739 2928 probare
762 2848 913 2929 coepisti?
940 2867 1005 2928 our,
1029 2866 1112 2930 rogo,
1136 2849 1169 2912 in
1193 2868 1242 2913 me
1265 2869 1327 2914 non

170 2950 312 3033 8diligas
336 2951 417 3031 quod
441 2968 482 3027 es,
506 2951 613 3031 quiin
637 2952 669 3014 te
693 2951 774 3032 quod
797 2968 864 3014 eras
887 2951 954 3032 ipse
978 2951 1158 3015 damnasti?
1180 2952 1233 3015 sed
1256 2972 1364 3034 par-25

200 3053 333 3117 cendum
355 3052 518 3134 paululum
543 3052 648 3118 uerbis
663 3059 720 3133 est,
745 3054 819 3134 quia
834 3053 929 3118 etiam
945 3055 976 3118 in
994 3054 1074 3118 bona
1090 3071 1181 3118 causa
1197 3054 1327 3119 humilis
1424 3093 1427 3105 ι

198 3175 272 3235 osse,
304 3155 336 3220 in
359 3157 512 3237 quantum
535 3176 583 3221 res
605 3155 691 3238 sinit,
722 3156 779 3220 filii
810 3159 890 3239 apud
921 3160 1063 3239 parentes
1093 3159 1184 3222 debet
1215 3159 1323 3223 oratio.

198 3260 368 3343 indulgete,
399 3260 528 3325 allectus
558 3259 728 3336 carissimi3
760 3259 933 3325 liberiorem
963 3279 1014 3324 me
1044 3278 1111 3324 esse
1142 3260 1269 3342 paululo
1293 3263 1327 3324 in

197 3364 322 3447 negotio
345 3381 399 3428 suo
424 3362 474 3427 dei
496 3363 623 3427 affectus
646 3364 732 3427 facit.
763 3363 790 3428 si
812 3381 891 3445 quae
908 3365 983 3428 sunt
998 3364 1086 3430 uobis
1102 3365 1183 3429 aliae
1199 3383 1325 3429 suscen-

198 3468 283 3532 sendi
313 3485 432 3552 causae,
462 3462 590 3549 peccare
614 3487 663 3531 me
685 3467 824 3549 potuisse
848 3486 907 3532 non
938 3470 1072 3550 abnego:
1105 3466 1137 3530 in
1160 3468 1217 3532 hoc
1240 3485 1364 3546 uero‚ao

197 3571 251 3635 ubi
280 3569 348 3634 ideo
378 3571 575 3653 suscensetis,
607 3570 680 3651 quia
703 3569 863 3634 Christum
891 3589 996 3635 amare
1027 3569 1143 3648 uideor,
1174 3570 1325 3652 ignoscite

250 3756 263 3807 1
283 3771 441 3824 quaesumus
461 3756 606 3811 Pithoeus:
624 3760 655 3826 q's
677 3757 700 3811 0
784 3757 923 3824 pignorare
943 3757 1011 3811 Cia
1029 3772 1082 3824 qoo
1100 3757 1164 3824 fort.
1184 3756 1249 3810 latet
1267 3758 1325 3825 pig·

197 3857 262 3895 nora
280 3856 328 3894 uos
346 3847 396 3894 oui
414 3842 653 3910 pignorandum,
672 3832 745 3911 qood
757 3842 904 3896 Horatios
916 3843 1082 3916 suspicatur,
1101 3843 1214 3911 pignora
1227 3858 1256 3896 se

196 3927 214 3980 2
236 3927 344 3983 affectos
369 3927 391 3982 0
493 3928 509 3982 3
527 3930 738 3983 reue1·entissimi
761 3929 831 3984 Oct
845 3929 931 3997 poulo
955 3935 1036 3994 octa·
1061 3935 1176 3998 atroque
1199 3931 1255 3985 loco
1277 3949 1326 3990 cm.

198 4014 335 4068 Boiocalus
438 4017 455 4071 5
478 4017 531 4068 iarn
554 4015 612 4071 Os.
632 4016 650 4069 1.
672 4021 740 4071 m.1
843 4015 859 4068 6
883 4015 982 4070 scribta
1009 4016 1032 4070 0
1142 4017 1158 4070 9
1182 4017 1325 4071 cohercitio

199 4100 256 4165 (sio)
280 4099 302 4154 O
405 4100 434 4152 ll
454 4103 544 4153 mutae
562 4101 620 4166 (sio)
643 4101 666 4156 0
769 4101 801 4154 13
819 4102 947 4155 auscensis
968 4101 990 4156 O
1089 4101 1244 4156 christiana.
1267 4104 1323 4168 (sio)

201 4184 286 4240 Used
304 4188 370 4240 m.2
387 4192 452 4240 moi.
470 4185 625 4240 christianis
645 4192 653 4252 (
673 4187 702 4256 ’)
807 4188 840 4242 19
857 4187 943 4240 filium
969 4188 1127 4243 OHolmo‘ue
1152 4188 1236 4242 filiam
1256 4190 1325 4244 coni.

197 4273 342 4328 Hosrtelo'us
444 4273 478 4327 28
496 4272 600 4342 panlolo
623 4273 645 4328 O
