3076 4764
340 261 400 326 118
823 259 978 315 Saluiani

338 446 421 512 beati
443 447 575 529 apostoli
598 447 727 527 dictum,
750 465 810 531 quo
833 450 895 514 cita
916 449 1074 534 ignoras
1097 449 1280 532 quoniam
1297 448 1464 514 tenitas

337 549 456 616 deind
478 550 1022 636 paenitentiamtosddueitl
1044 554 1256 618 secundnm
1271 550 1462 617 duritiam

337 653 469 718 antem
502 656 614 720 tuam
642 659 681 719 et
708 673 773 720 cor
806 656 1063 738 inpoenitens
1094 655 1350 721 thesaurizas
1382 653 1462 719 titi

283 754 436 822 50iram
459 757 499 822 in
527 758 589 822 die
617 757 710 823 irae.
750 760 782 822 et
803 776 877 823 nere
897 759 943 823 ita
971 761 1102 843 agimus,
1132 762 1168 823 ιιι
1189 757 1269 823 dicit
1290 757 1460 840 apostolus.

336 860 411 924 deus
435 860 516 926 enirn
541 879 596 927 nos
618 864 712 926 nouat
734 862 774 927 ad
795 862 1034 944 paenitentiam,
1057 865 1112 928 sed
1134 877 1189 926 uos
1207 860 1464 926 thesaurizamus
1477 880 1499 923 c

334 963 430 1028 iratur
453 964 528 1028 deus
550 981 605 1029 nos
627 964 745 1030 inuitat
768 965 807 1030 ad
830 965 1115 1047 ueniemmednoe
1132 963 1249 1030 ootidie
1263 964 1461 1031 cumulamus

334 1066 491 1131 offensam.
528 1067 597 1131 ninr
629 1066 687 1133 deu
709 1067 841 1133 iacimus
868 1067 1090 1150 iniquitatibus
1106 1067 1235 1144 uostris,
1267 1065 1327 1150 ipsi
1349 1067 1382 1131 in
1403 1085 1461 1133 nce

333 1167 415 1233 iram
442 1170 617 1236 diuinitatis
646 1184 821 1237 armemust
850 1172 990 1255 cogimus
1013 1172 1051 1237 ad
1074 1170 1269 1235 ulciscendus
1292 1169 1461 1234 eriminum

333 1273 510 1338 nostrorum
531 1273 745 1340 immanitates
768 1274 926 1341 nolentem
948 1274 1052 1354 deum,
1076 1291 1171 1356 prope
1187 1274 1286 1338 estut
1305 1291 1376 1337 enm
1398 1279 1459 1337 nou

332 1376 553 1459 permittamus
575 1378 612 1442 ut
643 1380 761 1460 parcat.
786 1387 887 1444 'uam'
907 1394 978 1441 cum
1001 1378 1129 1443 ire-eum
1151 1376 1281 1441 nullum
1310 1394 1499 1458 umquamne

333 1477 505 1544 iniustitiae
526 1480 651 1563 signnm
672 1482 781 1545 cedere
803 1482 860 1545 ant
881 1497 1028 1563 apparere
1050 1478 1160 1561 possit,
1189 1480 1234 1543 sie
1255 1477 1387 1562 agimus,
1410 1480 1458 1555 nt,

332 1584 360 1646 si
383 1581 583 1647 enormitates
605 1583 783 1648 nostrornm
802 1583 955 1648 eceteram
971 1599 1032 1646 non
1047 1581 1377 1662 nloisoiturfiuiustus
1393 1598 1459 1646 esse

331 1685 486 1751 uideatur.
831 1702 834 1707 ·

279 1809 320 1876 51
374 1803 412 1867 X.
447 1803 506 1870 Sed
540 1803 687 1870 uidelicet
720 1807 861 1888 peccator
894 1805 956 1871 fnit
979 1805 1145 1888 aliqnando
1169 1804 1292 1887 aliquis,
1327 1804 1458 1871 fortasse

331 1909 396 1972 iam
417 1925 480 1973 uon
502 1909 556 1973 eet.
587 1909 643 1974 ant
665 1912 712 1973 est
734 1909 819 1973 nllus
843 1896 1008 1974 eriminum
1030 1910 1141 1974 modus
1164 1909 1196 1993 et
1217 1924 1279 1972 non
1301 1908 1385 1990 prius
1408 1908 1498 1973 estre

332 2011 369 2074 ut
391 2008 429 2075 de
451 2011 519 2075 uita
541 2010 682 2077 homines
705 2030 798 2094 quam
821 2012 859 2077 de
882 2011 1049 2094 iniquitate
1072 2010 1254 2076 discedant?
1280 2009 1348 2094 quis
1371 2009 1456 2076 enim

332 2128 393 2177 nou
426 2123 496 2178 cnm
531 2112 607 2197 ipsis
639 2113 865 2197 iniquitatibus
898 2115 962 2181 suis
995 2114 1127 2180 moritur
1153 2117 1185 2179 et
1205 2131 1279 2179 cum
1299 2114 1378 2196 ipsis
1401 2112 1457 2179 ad·

331 2213 459 2281 modum
493 2218 586 2300 atque
608 2217 642 2282 in
668 2218 747 2300 ipsis
780 2203 951 2284 sceleribus
985 2216 1161 2300 sepelitur?
1194 2217 1324 2282 utnere
1347 2215 1457 2283 dehis

331 2319 549 2402 propheticum
570 2318 651 2386 illud
673 2310 935 2400 rectissime‘diei
957 2318 1069 2402 possit:
1093 2319 1303 2402 sepulchra
1326 2337 1457 2384 eorum

331 2422 465 2490 domus
499 2442 625 2491 eornm
653 2423 693 2489 in
726 2429 945 2503 aeternum,
979 2425 1017 2489 et
1046 2418 1380 2506 comparatisunt
1402 2424 1497 2490 ιιι-ιο

329 2526 475 2591 mentis
509 2527 806 2612 insipientibus
841 2529 878 2593 et
910 2525 1062 2593 similes
1096 2527 1198 2592 facti
1230 2527 1321 2592 sunt
1353 2525 1455 2592 illis.

329 2630 422 2710 atque
444 2630 565 2696 utinam
587 2631 751 2696 iumentis!
784 2631 897 2696 melius
925 2632 1038 2714 quippe
1061 2630 1164 2697 fuerat
1186 2628 1313 2697 beluina
1333 2630 1455 2714 impru-

330 2731 436 2797 dentia
468 2735 619 2801 deuiasse.
655 2734 737 2799 illud
770 2733 857 2818 peius
881 2736 912 2799 et
934 2734 1139 2811 criminosius,
1176 2735 1334 2816 quianon
1363 2733 1454 2818 igno-

277 2834 320 2901 52
329 2833 433 2899 nantia
449 2835 498 2900 dei
515 2837 569 2901 sed
585 2834 782 2919 despectione
802 2838 983 2918 peccarunt.
1015 2834 1109 2918 atque
1120 2835 1190 2900 ¹hoc
1212 2835 1364 2900 uidelicet
1381 2834 1454 2900 laici

329 2937 545 3001 tantummodo
567 2955 625 3002 non
652 2937 778 3019 qnidam
794 2938 890 3002 etiam
907 2938 1098 3017 clericorum,
1123 2937 1297 3002 saeculares
1312 2938 1493 3002 tanturn-‘rc

328 3040 419 3104 modo
442 3057 503 3104 non
536 3039 630 3107 multi
652 3041 749 3105 etiam
781 3032 929 3123 religiosi,
964 3041 1060 3106 immo
1086 3040 1145 3107 sub
1169 3042 1272 3125 specie
1293 3041 1454 3124 religionis

328 3140 416 3207 uitiis
461 3143 672 3209 saecularibus
715 3143 907 3229 mancipati:
951 3142 1005 3226 qui
1041 3142 1162 3209 scilieet
1206 3144 1277 3225 post
1313 3147 1454 3209 ueterum

327 3243 516 3329 flagitiorum
532 3246 647 3329 probra
663 3250 694 3312 et
709 3247 841 3313 crimina
856 3245 949 3313 titulo
966 3247 1094 3313 sibimet
1110 3246 1286 3317 sanctitatis
1301 3246 1453 3330 inscripto

328 3366 389 3414 non
411 3349 643 3416 conuersatione
665 3348 723 3414 alii
745 3349 799 3414 sed
821 3349 1012 3433 professione
1033 3367 1146 3415 nomen
1169 3351 1293 3415 tantum
1311 3351 1453 3415 demuta-

430 3517 539 3575 1a0m.
561 3518 620 3586 ur
723 3520 756 3575 ro
773 3500 905 3587 mara
926 3519 966 3573 12.

377 3674 394 3729 3
412 3677 503 3729 entem
520 3690 570 3729 om.
595 3674 624 3729 Β
707 3689 753 3730 cor
769 3674 946 3744 impoenitens
964 3689 999 3729 cu
1015 3689 1059 3728 cor
1076 3674 1238 3743 impenitens
1255 3675 1282 3729 A
1294 3689 1369 3731 rouro.
1387 3677 1457 3730 m

326 3761 433 3835 (pock—
449 3764 514 3829 pool
538 3760 745 3830 paenitentiam)
775 3761 944 3830 inpoenitens
971 3775 1016 3815 eor
1041 3760 1069 3815 Β
1145 3773 1147 3778 ·
1179 3761 1198 3815 4
1224 3763 1359 3830 apostolus
1385 3760 1455 3816 dicit

325 3845 354 3900 Β
457 3845 490 3901 15
513 3846 572 3923 eut]
589 3861 624 3900 en
642 3845 844 3902 Rittorolmeico
861 3847 1040 3913 l‘coroiecteero
1055 3861 1114 3902 aare
1130 3860 1201 3916 opus
1213 3861 1272 3903 ‚cose
1288 3847 1403 3902 cidem
1420 3847 1455 3903 in

324 3932 461 3988 ειπιοηιια
477 3931 594 3988 ironic&
612 3933 767 4002 Helonius„
785 3933 818 3988 de
829 3935 877 3988 aut
887 3945 923 3980 ²*-
934 3949 969 3988 an
980 3933 1039 3990 oid.
1053 3932 1180 3990 Iudwcm
1191 3933 1250 3990 ΠΙ.
1338 3933 1371 3987 21
1385 3933 1452 3987 fecti

325 4033 375 4073 om.
392 4016 421 4072 Β
516 4017 551 4072 24
568 4018 735 4087 despectione
752 4034 786 4075 oa
803 4018 880 4090 uiep'·
896 4019 924 4073 A
946 4035 1068 4075 corr.·m.
1086 4022 1107 4074 Β
1126 4021 1190 4075 ton
1208 4023 1245 4074 36
1266 4019 1406 4088 religiosae
1425 4033 1453 4075 a.

325 4119 356 4158 ae
372 4103 453 4159 scr-i
533 4104 573 4160 ’28
589 4103 672 4174 proba
689 4119 709 4158 a
728 4118 744 4158 a
761 4119 813 4160 surr
831 4121 845 4158 r
861 4100 925 4159 cai
943 4106 970 4159 A
1056 4094 1211 4160 sanctitatis
1228 4104 1338 4158 sibimet
1355 4104 1383 4159 Β

323 4188 358 4244 29
376 4189 438 4243 alii·
459 4190 486 4243 A
589 4189 748 4246 denotanere
763 4191 792 4246 Β
