3076 4764
531 277 568 331 de
586 277 723 347 gubern.
741 277 795 332 dei
813 276 851 331 VI
874 282 889 342 ξ
907 275 1017 331 20-27.
1275 279 1333 344 131

205 488 283 536 eum
316 469 355 534 ab
389 487 424 534 eo
457 466 575 550 aliquid
607 466 681 532 boni
714 467 859 549 capimus,
894 485 965 532 cnm
999 466 1212 549 prosperitatis
1239 468 1277 533 ab
1300 485 1335 533 eo

210 570 333 654 aliquid
356 570 546 637 adtribuitur
569 573 624 634 aut
646 569 777 635 uictoria
791 571 829 634 do
851 567 995 634 hostibus
1017 588 1036 633 a
1058 567 1224 634 diuinitate
1247 588 1336 652 prae-

210 676 322 741 statur.
362 677 393 739 et
422 673 497 755 quid
531 671 617 738 aliud
650 673 708 736 hac
736 691 769 737 re
796 671 896 738 facere
925 673 1078 751 uidemur,
1113 689 1205 755 quam
1233 672 1335 754 siqui

211 778 330 844 homini
352 775 536 844 beneficium
559 775 703 860 largienti
726 775 894 842 iniuriosus
909 777 952 841 sit
967 780 1022 842 aut
1037 775 1247 841 blandientem
1263 794 1335 841 eon-

181 880 302 945 ¹aniciis
325 880 435 944 caedat
457 880 513 943 aut
536 878 704 944 osculantis
728 879 853 943 uultum
868 897 1013 946 mucrone
1028 878 1215 962 transligat?
1240 880 1388 948 inter-25

210 999 284 1068 rogo
319 982 404 1047 enim
438 998 543 1047 omnes
576 984 720 1063 potentes
751 999 787 1047 ec
821 982 935 1047 diuites
970 981 1080 1048 mundi
1113 980 1214 1061 huius,
1248 981 1335 1046 euius

208 1085 326 1170 piaculi
360 1102 431 1150 reus
461 1084 503 1149 sit
531 1101 638 1150 seruus
661 1084 725 1165 ille,
759 1084 813 1167 qui
835 1084 915 1151 bono
939 1103 975 1150 ac
998 1085 1048 1168 pio
1071 1084 1193 1149 domino
1216 1083 1334 1148 malum

209 1189 337 1274 cogitet,
368 1191 420 1272 qui
447 1188 526 1253 bene
553 1187 687 1252 merenti
717 1186 889 1254 conuicium
919 1186 1013 1253 faciat
1042 1189 1072 1253 et
1100 1205 1154 1269 pro
1176 1187 1333 1268 libertate,

209 1311 303 1375 quam
326 1291 455 1373 accepit,
480 1291 700 1356 contumeliam
723 1291 841 1357 reddat.
871 1290 988 1373 absque
1011 1291 1104 1357 dubio
1119 1291 1249 1356 maximi
1271 1291 1334 1356 cri-

170 1396 302 1460 sominis
337 1414 407 1460 rcus
441 1394 580 1460 creditur
610 1395 663 1476 qui
692 1395 812 1459 malum
842 1413 897 1476 pro
920 1394 1001 1460 bono
1023 1395 1137 1474 reddit,
1163 1394 1213 1458 cui
1237 1395 1334 1460 etiam

208 1499 326 1565 malum
349 1515 404 1580 pro
420 1498 502 1563 melo
518 1498 644 1562 reddere
666 1514 727 1563 non
750 1498 868 1562 liceret.
901 1498 958 1562 hoo
981 1515 1053 1581 ergo
1072 1496 1168 1562 etiam
1190 1515 1257 1575 nos,
1280 1495 1335 1578 qui

209 1599 380 1668 Christiani
413 1600 554 1680 dicimur,
588 1601 736 1666 facimus:
771 1601 938 1667 inritamus
966 1600 998 1665 in
1026 1619 1081 1665 nos
1104 1600 1334 1666 misericordem

209 1703 300 1769 deum
334 1703 572 1786 impuritatibus
607 1705 720 1770 uostris
753 1703 973 1787 propitiantem
1009 1703 1149 1768 sordibus
1183 1703 1334 1770 laedimus

209 1804 425 1875 blandientem
448 1806 573 1872 iniuriis
596 1807 805 1872 uerberamus.

172 1967 199 2005 as
251 1942 289 2008 V.
325 1940 448 2007 Christo
472 1961 543 2026 ergo
569 1946 598 2026 (o
622 1945 761 2009 amentia
783 1944 1004 2025 monstruosal)
1036 1942 1156 2008 Christo
1179 1944 1333 2010 circenses
1344 1945 1386 2009 26

209 2032 367 2111 offerimus
390 2047 422 2111 ot
449 2048 570 2124 mimos,
606 2045 728 2111 Christo
759 2064 814 2127 pro
849 2041 1009 2110 beneficiis
1045 2045 1109 2110 suis
1140 2048 1337 2113 theatrorum

209 2147 345 2214 obscena
373 2149 542 2229 reddimus,
574 2148 694 2214 Christo
719 2150 917 2237 ludicrorum
940 2148 1193 2230 turpissimorum
1215 2151 1333 2215 hostias

207 2249 419 2335 immolamus.
457 2253 608 2319 uidelicet
636 2253 695 2317 hoe
717 2268 771 2317 nos
795 2270 850 2334 pro
873 2251 962 2316 nobis
984 2253 1017 2315 iu
1041 2269 1131 2316 cerne
1154 2255 1247 2317 natus
1271 2254 1333 2318 sal-

208 2356 297 2422 uator
316 2344 422 2420 noster
445 2357 584 2422 edocuit:
613 2355 671 2420 hoo
698 2355 749 2419 uel
771 2374 825 2436 per
847 2373 879 2419 se
902 2354 1005 2435 ipsum
1028 2353 1080 2418 nel
1102 2373 1157 2436 per
1179 2356 1333 2435 apostolos

171 2454 409 2538 apraedicauit.
454 2461 580 2541 propter
616 2458 673 2524 hoc
709 2457 864 2547 humanae
898 2455 1076 2522 natiuitatis
1111 2457 1333 2521 uerecundiam

209 2560 306 2626 subiit
349 2565 380 2626 et
424 2563 645 2627 contumeliosa
692 2561 807 2626 terreni
850 2562 936 2626 ortus
979 2560 1132 2642 principia
1176 2562 1333 2642 suscepit:

208 2664 334 2747 propter
368 2664 425 2729 hoc
457 2663 490 2728 in
524 2664 682 2747 praesepio
716 2663 814 2729 iacuit
836 2663 887 2728 oui
909 2663 1085 2728 seruierunt
1114 2663 1226 2744 angeli,
1262 2681 1333 2728 cum

208 2765 335 2853 iaceret:
370 2770 496 2851 propter
529 2769 586 2832 hoe
619 2766 739 2833 lnuolui
761 2787 792 2833 se
814 2784 987 2849 pannorum
1022 2766 1199 2850 crepundiis
1232 2768 1334 2832 uoluit

172 2952 176 2957 Ι
209 2864 262 2950 qui
282 2861 417 2958 'eaelum
450 2872 576 2954 regebat
604 2870 635 2936 in
664 2872 790 2953 pannis:
825 2873 951 2953 propter
979 2869 1036 2935 hoo
1059 2869 1092 2934 in
1115 2869 1254 2951 patibulo
1277 2887 1333 2951 pe-

172 2970 315 3051 acpendit
336 2982 429 3055 'quom
453 2975 640 3055 pendentem
664 2966 798 3038 muudus
821 2973 955 3055 expauit.
986 2972 1053 3055 qui
1075 2977 1233 3055 proptor
1254 2990 1332 3051 uos,
1343 2972 1383 3036 27

210 3075 312 3169 inquit
336 3075 504 3157 apostolus,
539 3095 682 3158 pauper
711 3075 839 3140 lactus
862 3074 936 3152 est,
972 3093 1054 3139 cum
1084 3076 1191 3140 diues
1220 3078 1332 3151 esset,

309 3260 390 3316 2511
409 3261 469 3316 uer.
488 3262 513 3326 8,
532 3261 549 3314 9

259 3433 274 3486 1
298 3431 402 3505 aliquid
425 3432 459 3487 ab
482 3448 513 3486 eo
539 3435 614 3499 (ante
632 3432 740 3497 adtrib.)
764 3433 791 3486 Β
895 3432 911 3486 2
935 3433 1085 3501 praestetur
1109 3433 1136 3486 B
1158 3449 1192 3488 m.
1210 3437 1240 3496 1,
1268 3433 1332 3486 item

205 3518 297 3572 stetim
323 3518 431 3572 uidetur
460 3523 527 3571 cal
632 3519 649 3572 3
676 3519 753 3586 quasi
780 3518 834 3571 AB
860 3517 907 3572 scd
934 3520 965 3572 ic
991 3519 1018 3571 A
1046 3519 1148 3573 lineola
1174 3517 1238 3571 odd.
1262 3521 1332 3571 m.2

206 3617 322 3670 supera
421 3603 517 3657 4cum
534 3604 612 3657 uiciis
630 3604 657 3657 Β
754 3602 933 3672 5transfigat
952 3603 978 3656 Β
1076 3602 1189 3670 denim]
1208 3604 1332 3658 hocloco

207 3687 254 3741 ·N1
275 3688 303 3742 A
407 3704 497 3744 omnes
514 3690 542 3743 Β
560 3705 581 3745 s.
595 3690 612 3744 l.
716 3689 865 3745 Smerenti
884 3705 917 3744 ea
935 3692 1051 3743 merente
1068 3692 1096 3744 A
1114 3705 1182 3745 corr.
1201 3695 1265 3747 uel

207 3773 223 3826 9
240 3776 342 3843 accepit
359 3775 505 3830 Halmius.-
523 3776 620 3845 accipit
638 3777 692 3830 AB
706 3777 783 3844 (rell.)
878 3776 947 3830 rodit
959 3779 984 3830 A
1084 3777 1116 3830 10
1128 3776 1223 3831 reddat
1236 3778 1263 3831 Β

206 3861 286 3913 etiam
305 3876 372 3931 ergo
388 3861 415 3913 A
432 3861 481 3915 aad
498 3862 608 3916 adiectu
624 3867 691 3916 coust
708 3863 931 3930 transpositionis
948 3863 1027 3931 sipoa
1044 3878 1079 3915 m.
1097 3867 1113 3915 1
1219 3863 1251 3917 13
1274 3879 1333 3931 pro-

206 3945 352 4012 piciantem
370 3946 398 4000 A
502 3947 534 4001 19
552 3947 596 4001 uel
612 3964 640 4001 se
660 3948 687 4001 Β
788 3948 820 4002 21
839 3948 972 4018 principia
991 3949 1029 4002 B:
1054 3949 1213 4018 principalia
1230 3949 1277 4003 aad
1295 3950 1333 4002 lia

203 4038 300 4098 peccet.
314 4039 339 4087 ct
350 4048 436 4102 aupes·
445 4050 480 4102 pa
491 4048 540 4091 ser.
554 4051 588 4088 m.
601 4037 619 4088 2
632 4034 642 4086 i
654 4035 680 4086 A
692 4034 839 4103 Holmias3
852 4041 969 4090 odarum
980 4033 1031 4100 cfr.
1044 4033 1125 4099 infra
1136 4041 1161 4098 p.
1173 4038 1216 4090 33.
1230 4039 1265 4089 34

186 4116 240 4171 -93
265 4117 416 4187 crepondiis
443 4135 527 4187 saper
549 4134 632 4175 osor.
651 4136 669 4172 u
687 4135 721 4174 m.
740 4123 759 4174 2
778 4123 804 4174 A
907 4120 941 4174 25
968 4136 1014 4174 uos
1041 4120 1173 4190 Vetusta:
1202 4136 1251 4174 nos
1278 4121 1334 4174 AB

208 4204 335 4260 Halmium
1063 4240 1066 4249 ι

1194 4311 1229 4363 9*
