3076 4764
222 273 287 338 27ss
707 266 869 321 Saluiani

224 479 300 542 opus
328 461 370 524 sit
401 459 557 542 religiosis
585 459 670 523 iusta
697 457 881 541 patrimonii
908 457 1072 538 portione?
1106 460 1286 538 respondeo:
1317 461 1354 521 ut

223 562 382 645 religionis
398 561 570 646 iungantur
580 561 693 646 officio,
708 562 745 627 ut
759 562 979 645 religiosorum
994 560 1085 625 rebus
1101 560 1212 643 religio
1225 560 1353 640 ditetur,

222 669 259 732 ut
287 667 403 732 donent
430 667 468 731 ut
496 665 673 750 largiantur
701 664 738 731 ut
770 662 837 729 illis
868 663 1058 728 habentibus
1088 663 1193 728 cuncti
1215 662 1354 729 habeant

221 787 284 835 non
306 769 465 852 habentes,
488 770 594 849 immo,
621 770 648 832 si
669 768 760 832 tauta
780 769 829 832 est
852 785 959 832 eorum
981 767 1056 830 fides
1079 768 1174 847 atque
1194 765 1354 850 perfectio,

222 873 260 937 ut
280 872 416 938 habeant
438 872 501 936 cito
523 888 584 935 non
599 869 749 949 habituri,
772 869 894 936 beatius
910 870 1028 952 utique,
1052 870 1217 951 postquam
1236 869 1353 935 habuc·
1375 890 1388 932 ι

171 975 296 1054 241int,
319 993 381 1040 non
405 974 563 1039 habentes.
598 990 652 1037 cur
669 975 721 1055 eis,
745 990 869 1055 quaeso,
893 972 1180 1039 oinhumanissimi
1194 977 1353 1054 parentes,

222 1077 444 1144 necessitatem
473 1076 710 1161 indignissimae
739 1076 935 1158 paupertatis
965 1075 1142 1157 inponitis?
1179 1076 1354 1158 permittite

222 1182 280 1247 hoc
302 1181 448 1264 religioni
469 1180 540 1263 ipsi,
568 1181 618 1252 cui
640 1179 719 1244 filios
741 1176 935 1245 tradidistis:
969 1181 1084 1244 rectius
1107 1197 1257 1261 pauperes
1280 1198 1298 1243 a
1321 1199 1355 1244 se

221 1286 312 1353 fiunt.
349 1283 378 1348 si
399 1285 527 1350 tantum
549 1300 602 1349 eos
623 1284 730 1365 inopes
754 1300 822 1347 esse
838 1281 963 1363 cupitis,
988 1282 1147 1347 concedite
1164 1282 1197 1346 id
1212 1283 1354 1364 ipsorum

222 1389 407 1455 deuotioni,
436 1388 532 1453 liceat
563 1386 615 1464 eie,
650 1403 848 1469 quaesumus,
882 1388 918 1450 ut
951 1385 1052 1450 uelint
1085 1404 1238 1467 pauperes
1270 1385 1388 1451 fierizro

221 1491 337 1575 eligere
374 1492 512 1572 inopiam
550 1489 665 1555 debent
703 1507 765 1554 non
801 1489 967 1554 sustinere.
1016 1491 1189 1573 postremo,
1228 1488 1354 1554 etiamsi

221 1595 408 1674 sustineant,
431 1593 595 1659 deuotione
618 1611 688 1656 eam
709 1593 849 1658 tolerent
869 1610 931 1658 non
956 1592 1157 1658 damnatione
1178 1592 1352 1677 patiantur.

170 1696 213 1761 25
222 1717 278 1763 cur
311 1715 362 1762 eos
396 1696 484 1762 uelut
512 1697 666 1761 enatura
693 1695 849 1779 expellitis
879 1698 911 1760 et
940 1696 1029 1781 quasi
1055 1698 1163 1761 aiure
1191 1697 1351 1780 sanguinis

222 1799 399 1866 abdicatis?
432 1800 465 1864 et
489 1818 546 1882 ego
562 1818 628 1863 esse
643 1817 695 1864 ecs
717 1817 869 1881 pauperes
891 1797 974 1878 uolo,
997 1803 1049 1865 sed
1064 1802 1101 1865 ut
1115 1800 1230 1866 habeat
1246 1802 1351 1863 tamen

170 1983 172 1986 .
221 1904 397 1986 praemium
420 1921 511 1966 suum
532 1901 601 1983 ipsa
623 1902 798 1984 paupertas,
822 1921 858 1967 ac
880 1903 1038 1984 praeclara
1060 1903 1271 1969 demutatione
1293 1903 1388 1968 eli-1⁵

221 2004 299 2088 gant
320 2005 457 2086 inopiam
479 2024 517 2069 ex
539 2005 636 2088 copia,
666 2009 702 2068 ut
725 2023 762 2069 ex
782 2005 905 2088 inopiae
927 2006 1076 2072 electione
1099 2007 1220 2089 copiam
1244 2024 1348 2071 conse·

222 2111 367 2190 quantur.
404 2126 595 2191 quamquam
628 2108 703 2190 quid
737 2127 793 2192 ego
823 2127 878 2173 uos
908 2128 964 2192 per
997 2110 1101 2192 ipsum
1135 2110 1351 2176 sanctissimae

221 2211 355 2277 rationis
371 2211 507 2278 officium
523 2213 646 2277 trahere
663 2215 702 2278 ad
716 2212 947 2278 humanitatem
964 2215 1175 2295 pietatemque
1191 2216 1351 2296 contendo,

221 2331 295 2378 cum
324 2315 356 2379 id
383 2317 518 2380 maxime
549 2313 682 2381 obsistat
711 2316 743 2380 et
773 2314 851 2382 haec
879 2335 928 2382 res
957 2320 1099 2398 parentes
1123 2316 1224 2398 inpios
1246 2317 1351 2393 faciat,

170 2417 213 2482 26
223 2436 301 2499 quac
323 2419 390 2500 pios
413 2419 514 2483 facere
538 2417 687 2483 deberet?
715 2438 789 2483 nam
818 2437 891 2483 cum
912 2437 967 2484 uos
991 2419 1059 2485 ideo
1082 2419 1153 2502 plus
1177 2419 1388 2502 relinquerem

222 2539 259 2584 ex
287 2519 474 2601 patrimonio
503 2524 606 2586 uestro
635 2522 789 2606 religiosis
818 2521 892 2588 filiis
915 2522 1079 2601 deberetis,
1110 2523 1147 2589 ut
1169 2523 1289 2605 aliquid
1311 2522 1352 2588 ad

222 2623 317 2687 derum
339 2643 376 2688 ex
398 2623 601 2689 facultatibus
625 2625 738 2689 uestris
763 2626 871 2690 saltim
893 2645 948 2707 per
970 2626 1050 2691 filios
1072 2625 1258 2708 perueniret,
1282 2625 1352 2692 ideo

222 2726 299 2790 filiis
333 2746 394 2791 non
426 2727 616 2809 relinquitis,
650 2747 689 2794 ne
719 2727 769 2792 illi
799 2732 855 2794 deo
885 2727 1021 2794 habeant
1051 2730 1133 2812 quod
1162 2730 1352 2812 relinquant.

221 2829 382 2912 praeclara
414 2829 563 2894 uidelicet
595 2830 717 2896 ratione
752 2834 846 2912 atque
874 2832 1000 2897 cautela
1030 2833 1169 2898 contenti
1199 2834 1274 2897 estis
1297 2851 1352 2898 uos

222 2933 304 2997 filios
337 2950 399 2996 non
433 2951 608 3016 agnoscere,
643 2953 682 2998 ne
715 2934 764 2998 illi
792 2952 825 2998 se
855 2933 937 3000 lilios
971 2934 1021 3001 dei
1053 2954 1119 3000 esse
1154 2939 1388 3019 cognoscentes

221 3034 423 3116 magnificam
450 3036 651 3118 repensantes
679 3036 837 3102 beneficiis
866 3038 963 3103 sacris
989 3039 1247 3123 uicissitudinem,
1277 3042 1352 3104 dum

221 3137 254 3202 id
277 3137 504 3203 studiosissime
533 3139 719 3221 procuratis,
748 3161 787 3206 ne
810 3144 863 3206 uel
885 3160 939 3223 per
960 3143 1081 3207 uestros
1109 3142 1228 3226 aliquid
1255 3143 1352 3207 honor

223 3240 274 3306 dei
302 3241 416 3306 habere
445 3243 554 3325 possit,
586 3260 659 3307 cum
688 3244 794 3309 omnia
823 3263 877 3310 uos
907 3263 961 3326 per
990 3245 1040 3310 dei
1062 3264 1176 3311 munus
1199 3246 1350 3310 habeatis.

274 3512 288 3565 1
308 3512 354 3581 sit]
373 3513 472 3568 ested.
491 3514 631 3568 Balearica
732 3515 799 3570 iusti
822 3517 980 3585 patrimonii
1003 3519 1135 3588 portione]
1155 3535 1266 3589 aequam
1283 3520 1353 3574 aeci·

221 3612 281 3666 pere
299 3614 358 3651 cum
376 3597 505 3652 fratribus
524 3600 683 3667 patrimonii
701 3601 888 3671 portionemp
906 3608 933 3657 et
945 3604 1005 3659 edd.
1017 3606 1188 3660 acteHalm.
1277 3606 1294 3658 2
1312 3606 1353 3659 di-

220 3682 300 3737 detur
325 3683 354 3738 A
456 3684 474 3739 4
500 3684 565 3738 fides
590 3703 624 3741 ecs
646 3686 706 3740 fidis
724 3703 794 3743 corr.
814 3704 849 3743 ne
867 3693 886 3744 2
903 3692 930 3744 A
1032 3691 1048 3744 5
1076 3692 1179 3744 beatius
1204 3708 1239 3746 ecc
1256 3690 1352 3745 beatus

220 3784 292 3824 corr.
309 3785 344 3825 m.
358 3773 376 3823 2
392 3769 420 3822 B
524 3773 541 3825 9
559 3772 719 3827 conceeidite
732 3779 831 3842 parret.
849 3775 874 3829 ci
892 3776 919 3829 A
1022 3776 1055 3831 10
1072 3777 1171 3831 uellint
1188 3783 1281 3846 parret.
1301 3777 1352 3832 alt.

220 3855 277 3909 lB
382 3854 414 3908 12
437 3854 556 3909 tolerant
573 3872 593 3912 s.
612 3873 628 3908 a
644 3873 698 3913 scr.
716 3875 730 3912 e
748 3863 818 3914 ce?
842 3860 870 3914 B
973 3861 1006 3915 13
1028 3861 1105 3915 uelut
1124 3879 1157 3916 ecc
1176 3863 1256 3916 uelud
1280 3877 1352 3917 corr.

220 3941 294 3994 m?
316 3940 344 3993 A
448 3940 481 3994 19
504 3941 635 3996 maximae
656 3949 752 4012 parret.
770 3960 787 3998 a
805 3945 833 3999 B
934 3946 968 4001 22
991 3948 1087 4001 saltem
1110 3963 1145 4002 ea
1169 3949 1261 4003 saltim
1279 3963 1350 4003 corr.

221 4042 257 4079 m.
279 4027 300 4080 2
324 4025 353 4080 A
473 4026 508 4080 23
537 4027 585 4081 deo
610 4035 676 4097 post
704 4030 748 4084 illi
778 4046 886 4086 erasum
912 4037 937 4087 et
959 4038 1024 4101 poet
1049 4033 1168 4087 habeant
1192 4050 1213 4088 c.
1239 4036 1257 4090 l.
1284 4034 1352 4092 add.

221 4127 255 4166 ιιι.
273 4113 294 4167 2
310 4111 347 4252 ἒ
373 4115 400 4166 ct
423 4111 464 4166 cic
489 4111 531 4167 cd.
558 4113 696 4170 Balearicae
722 4116 814 4184 (mmet
839 4133 901 4172 cam
927 4119 953 4184 b)
1065 4119 1099 4173 24
1125 4120 1240 4174 cautella
1266 4119 1314 4175 alt.
1341 4120 1352 4174 l

223 4211 293 4251 eras.
