3076 4764
1279 281 1351 338 XIII

270 473 385 551 Cuius
421 471 570 571 quidem
606 470 775 571 opusculi
801 482 876 544 tres
902 480 1055 562 tantum,
1093 470 1195 569 quod
1222 471 1349 565 sciam,

219 595 269 671 ad
295 602 462 669 nostram
489 600 644 666 aetatem
670 599 918 691 peruenerunt
945 590 1099 666 codices,
1127 590 1165 664 hi
1192 601 1296 667 sunt:

251 764 292 840 'A
309 798 369 849 ,--
397 763 512 839 codex
537 762 728 837 Parisinus
755 788 792 837 n.
814 764 912 836 2172
942 787 1037 836 saec.
1056 763 1104 855 X,
1133 762 1239 837 cuius
1266 787 1351 837 con·

320 884 458 959 latione
499 882 607 982 (mitti
644 881 742 956 enim
771 907 814 954 ex
844 880 1067 970 bibliotheca
1094 881 1179 971 alio,
1193 882 1249 956 fas
1275 907 1353 955 non

323 1008 402 1099 est),
430 1003 497 1079 ubi
523 1000 941 1078 commentatiunculam
974 990 1213 1100 praefationis
1240 999 1352 1075 huius

321 1124 424 1199 initio
451 1133 692 1197 memoratam
729 1121 940 1220 conscripsi,
978 1119 1173 1210 destitutus
1209 1121 1352 1220 acquie-

322 1269 423 1319 scere
450 1242 608 1342 cogebar
633 1242 679 1316 iis
715 1267 808 1340 quae
841 1235 1059 1325 Halmius
1094 1242 1133 1315 in
1170 1253 1351 1341 apparatu

322 1364 446 1439 critico
474 1389 542 1438 suo
570 1362 745 1438 enotauit.
785 1371 915 1461 postea
947 1388 1035 1436 uero
1063 1373 1215 1461 rogante
1242 1363 1351 1435 Har·

321 1483 443 1558 telio
471 1484 631 1557 eundem
654 1483 699 1557 F.
720 1481 1035 1558 Weihrichius
1052 1481 1351 1556 Vindobonensis

321 1602 572 1677 liberalissime
597 1601 876 1700 diligentissime
894 1595 1220 1700 religiosissime'in
1241 1627 1351 1675 usum

320 1749 446 1797 meum
473 1722 648 1797 tractauit
673 1721 958 1820 retractauitque
982 1734 1019 1796 et
1044 1731 1236 1819 tamquam
1266 1747 1352 1796 cum

320 1841 532 1942 puluisculo
577 1842 754 1918 exhausit.
810 1841 871 1916 cui
909 1842 990 1916 uiro
1016 1851 1022 1929 ᾗ
1036 1840 1249 1917 doctissimo
1289 1841 1352 1916 hio

322 1962 460 2060 gratias
487 1988 579 2060 quas
605 1987 759 2061 possum
784 1961 964 2036 maximas
991 1954 1101 2060 agere
1126 1952 1245 2036 liceat.

270 2152 313 2226 In
342 2178 415 2250 quo
434 2151 560 2227 codice
578 2177 663 2226 cum
682 2151 926 2229 correctiones
944 2151 1134 2251 pauciores
1152 2150 1236 2245 sint,
1257 2176 1350 2248 quas

219 2269 384 2346 eiusdem
416 2271 557 2346 librarii
589 2297 706 2345 manu
740 2272 835 2346 inter
861 2270 1098 2346 scribendum
1125 2272 1242 2346 factas
1271 2295 1350 2344 esse

218 2389 345 2491 liquet,
381 2390 574 2490 permultis
606 2390 697 2466 locis
729 2417 862 2465 manus
890 2390 1119 2466 emendatrix
1145 2388 1352 2464 admodum

219 2536 358 2606 reeens,
387 2537 500 2611 quam
527 2510 673 2609 signaui
698 2537 745 2585 m.
774 2515 808 2606 2,
846 2511 946 2586 iusto.
976 2511 1147 2586 licentius
1183 2520 1350 2608 grassata

220 2641 284 2706 est
336 2631 567 2731 paucissimis
606 2630 698 2707 locis
736 2659 867 2707 manus
906 2633 1016 2706 tertia
1056 2629 1267 2723 admodum,
1309 2642 1351 2704 ut

220 2761 318 2826 certe
358 2752 515 2846 uidetur,
561 2752 715 2850 antiqua
754 2751 924 2846 occurrit,
967 2777 1098 2850 quam
1120 2761 1245 2824 tamen
1280 2776 1350 2848 pro

219 2871 452 2971 singulorum
467 2963 468 2968 Ἰ
485 2872 627 2947 ratione
661 2873 910 2947 necessarium
946 2871 1098 2950 omnino
1125 2896 1203 2945 non
1228 2869 1351 2944 uisum
1471 2939 1473 2943 ,

220 3002 277 3064 est
302 2992 481 3068 adnotare
506 2992 645 3066 nedum
672 3003 762 3066 nota
788 2991 964 3090 singulari
991 2991 1207 3090 significare.

260 3146 296 3218 B
323 3180 373 3253 ς
399 3148 514 3223 codex
540 3148 730 3222 Parisinus
756 3147 957 3222 membran.
986 3174 1023 3263 n.
1052 3149 1150 3220 2785
1179 3171 1274 3220 saec.
1294 3146 1351 3221 XI

323 3294 431 3366 quem
457 3279 543 3367 post
568 3267 803 3340 Halmium
832 3277 867 3342 et
892 3267 970 3370 ipse
996 3265 1144 3342 contuli.

275 3421 371 3495 b:
392 3423 508 3497 codex
526 3421 714 3498 Parisinus
732 3421 933 3496 membran.
960 3449 997 3499 n.
1018 3423 1116 3495 2173
1143 3445 1236 3522 Ιεειθς),
1255 3421 1350 3495 XIII

322 3568 434 3641 quem
468 3554 512 3616 ut
547 3542 713 3617 codicem
743 3542 779 3614 B
813 3541 888 3615 iam
922 3523 1349 3642 Baluziusadhibuit

321 3688 391 3737 nec
433 3661 568 3763 ¹solumv
595 3661 764 3737 adhibuit
803 3661 870 3736 sed
909 3654 1035 3736 etiam
1065 3653 1161 3763 iusto
1202 3661 1349 3760 saepius

322 3764 563 3875 secutus'est,
589 3782 629 3855 id
656 3783 755 3880 quod
782 3781 872 3857 locis
891 3791 949 3856 sat
965 3781 1092 3856 multis
1110 3781 1150 3854 in
1167 3790 1349 3881 apparatu

324 3901 452 3976 critico
479 3903 647 3976 euincere
673 3901 855 4000 placebat.
928 3898 930 3903 ’
1041 3991 1044 3994 ‚
1118 3899 1119 3902 '

272 4069 416 4161 Quibus
451 4073 625 4148 subsidiis
660 4074 818 4174 denique
853 4075 989 4151 addere
1025 4103 1101 4151 non
1136 4077 1201 4150 abs
1227 4102 1267 4150 re
1294 4076 1348 4150 ui·

219 4215 301 4264 sum
330 4202 385 4265 est
