3076 4764
558 294 595 348 de
613 293 749 363 gubern.
767 295 818 348 dei
842 294 890 361 15
910 295 986 351 3-6.
1312 300 1335 367 5

206 483 305 547 etiem
335 481 494 564 religionis
526 486 664 565 exportes
682 483 717 548 ui
738 484 806 566 ipsu
829 486 860 548 si
882 485 1016 566 quodum
1038 486 1224 550 necessitate
1247 501 1331 550 com·

209 585 292 670 puisi
316 585 349 649 et
369 585 480 649 sentiri
503 585 608 651 omnio
630 603 648 650 o
670 587 727 651 deo
751 589 782 651 et
803 587 975 652 mouerint
996 590 1063 672 rogi
1085 587 1228 667 dixerint,
1252 607 1331 671 quo-

209 687 301 753 modo
331 705 412 752 nuno
441 705 513 752 cunr
541 688 733 754 incuriosum
758 690 946 772 quidum-sc
967 690 1185 776 neglegentem
1207 694 1331 774 putent.

210 792 264 874 qui
287 794 318 855 ot
340 792 455 855 sentiat
484 792 589 857 omnic
617 811 671 874 por
698 792 906 858 subtilitatem
929 795 1104 860 ctmouect
1126 794 1330 877 perfortitu·

184 895 314 960 odinum
337 895 368 958 et
390 897 480 977 reget
502 913 556 977 por
577 896 766 976 potestatem
782 896 814 960 et
836 895 990 962 custodiet
1011 913 1064 979 per
1080 896 1331 981 benignitatem?

211 997 290 1075 dixi,
323 996 398 1079 quid
422 998 459 1061 de
481 998 646 1063 maiestate
668 1015 704 1063 cc
725 998 934 1065 moderamine
962 1000 1078 1065 summi
1091 1033 1093 1041 ‚
1106 1000 1157 1065 dei
1178 1001 1331 1084 principos

210 1103 243 1165 ot
272 1099 482 1183 philosophiae
514 1102 608 1166 simui
636 1103 667 1166 ot
690 1100 882 1185 eloquentius
917 1102 1091 1169 iudicarint
1117 1105 1198 1170 video
1223 1109 1332 1169 autom

211 1203 420 1269 nobilissimos
442 1203 895 1286 utriusquoexcollentissimce
918 1207 1182 1292 uriis'mcgistros
1204 1208 1331 1290 protuli,

211 1325 270 1390 quo
304 1306 426 1372 icciiius
461 1308 509 1372 uel
543 1325 649 1373 onmes
683 1309 760 1374 olios
785 1307 877 1373 idom
910 1309 1044 1375 sensisse
1072 1312 1123 1375 uoi
1136 1342 1138 1347 v
1152 1314 1237 1375 certo
1265 1311 1332 1376 sine

175 1434 202 1474 ro
210 1411 396 1476 motorium
429 1411 534 1493 aliquo
563 1411 745 1477 dissensisse
776 1416 993 1479 monstrorum.
1031 1415 1064 1479 ot
1091 1429 1164 1480 sune
1192 1416 1332 1481 inuenire

211 1515 348 1597 aliquos,
377 1517 433 1599 uui
455 1518 493 1582 ab
516 1516 649 1580 istorum
679 1516 794 1582 iudicio
825 1515 1081 1599 discrepantum,
1113 1517 1333 1602 prsotorlipi·

211 1633 371 1684 cursorum
407 1619 459 1683 nol
495 1619 688 1701 quorundum
731 1618 991 1700 epicurizantium
1032 1620 1236 1686 doitrameuta
1272 1638 1332 1686 nou

210 1740 352 1804 possum,
376 1724 430 1805 qui
452 1722 533 1787 sicut
555 1723 750 1804 uoluptatem
772 1740 844 1787 oum
865 1724 983 1789 uirtute
1004 1724 1049 1788 oio
1071 1723 1164 1791 duum
1189 1741 1261 1788 oum
1283 1724 1332 1788 in·

211 1827 296 1891 curio
318 1845 354 1892 eo
376 1827 500 1909 torpore
522 1826 759 1905 iunxeruntput
780 1829 927 1908 upperout
949 1841 1010 1904 eos,
1038 1828 1091 1909 qui
1113 1827 1161 1893 its
1182 1827 1331 1909 sentiunt,

174 1949 201 1990 ro
210 1930 290 1994 sicut
319 1941 444 1994 sensnm
472 1930 693 2013 Epicureorum
722 1930 815 2012 etque
838 1931 1031 1996 sententium
1061 1931 1109 1996 ite
1136 1931 1233 1995 otium
1255 1930 1333 1995 uitis

211 2032 335 2097 sectari.

253 2137 297 2201 ΙΙ.
320 2136 391 2201 Non
412 2137 487 2217 puto
503 2139 583 2217 quod
604 2135 849 2219 cuprobandsm
871 2149 953 2200 nuuc
973 2154 1040 2201 rem·
1059 2138 1126 2202 tem
1139 2135 1363 2220 perspicuemb

210 2241 308 2304 etiam
329 2239 445 2304 diuinis
468 2239 515 2304 uti
538 2240 594 2304 hoc
616 2238 681 2303 loco
702 2238 890 2304 testimoniis
906 2238 1083 2318 debuemus,
1106 2241 1239 2304 maximo
1262 2238 1334 2319 quie

210 2359 369 2406 sermones
387 2340 466 2405 seori
481 2341 528 2406 ite
544 2341 664 2406 obunde
680 2345 712 2405 et
729 2340 891 2405 euidenter·
902 2340 1027 2405 cunctis
1038 2340 1206 2423 impiorum
1220 2352 1333 2422 propo·

170 2444 375 2513 insitionibus
398 2443 625 2521 continuimus,
649 2447 693 2522 ut,
718 2444 794 2507 dum
815 2443 1015 2524 sequentibus
1038 2460 1145 2507 eorum
1168 2440 1334 2507 columniis

210 2546 430 2624 satisfacimus,
453 2547 550 2611 etism
573 2564 608 2610 oc
630 2563 708 2628 quae
727 2545 930 2627 ›supoo'uiota
948 2548 1026 2610 sunt
1052 2545 1176 2627 plonius
1198 2544 1334 2610 roiutcre

210 2652 376 2734 possimus.
401 2650 491 2716 aiunt
505 2649 635 2735 igiturc
656 2653 711 2715 deo
727 2649 1070 2732 omuiessprcetermitti
1093 2649 1167 2732 quie
1181 2664 1241 2714 neo
1252 2664 1334 2714 coer·-

211 2757 281 2819 oent
297 2754 396 2818 mulos
411 2765 469 2818 uso
491 2754 614 2817 tueatur
628 2752 736 2847 bonos,
755 2759 786 2817 ot
802 2750 872 2817 ideo
888 2752 921 2816 in
937 2752 995 2818 hoc
1010 2753 1132 2818 sacculo
1148 2752 1332 2819 deteriorem

211 2857 379 2921 admodum
401 2858 520 2921 statum
536 2873 601 2920 csso
623 2854 803 2920 meliorum:
828 2856 920 2920 bonos
935 2856 1048 2938 quiippe
1064 2869 1132 2921 osso·
1145 2854 1178 2919 in
1201 2873 1333 2938 pauper·

170 2961 277 3024 estote
299 2959 397 3024 malos
419 2959 453 3023 in
475 2959 676 3036 abundantio,
700 2958 795 3024 bonos
818 2959 851 3022 in
866 2956 1048 3023 infirmitate
1064 2959 1163 3024 mulos
1186 2956 1336 3023 inforti-

262 3181 451 3235 luccessitcto
469 3195 558 3234 conus
575 3178 623 3232 deo
640 3178 668 3232 A
741 3177 925 3247 3quidamm
943 3178 991 3246 qui
1008 3177 1035 3230 A
1109 3180 1206 3246 putant
1222 3177 1250 3229 B
1268 3177 1336 3232 Μ

210 3271 243 3324 io
260 3285 308 3338 my.
412 3267 567 3336 brageta*
585 3264 644 3319 dict
668 3279 713 3333 por
737 3265 765 3319 A
867 3264 884 3318 6
906 3263 970 3332 quid
994 3263 1026 3317 ds
1050 3279 1084 3318 coc
1106 3263 1153 3331 qui
1171 3263 1203 3316 do
1219 3262 1247 3315 A
1264 3277 1334 3317 corr.

210 3356 283 3408 Μ
376 3353 415 3422 eo]
434 3353 461 3406 et
479 3351 506 3405 Β
600 3350 683 3405 doio..
700 3350 782 3404 simul
799 3350 827 3403 A
923 3349 1122 3418 ictuquontie*
1144 3348 1171 3402 A
1266 3347 1334 3402 iudi·

208 3439 307 3507 corint]
326 3439 357 3492 ic
374 3438 401 3491 A
418 3437 469 3493 cit.
487 3437 552 3508 sylb·
567 3451 599 3491 oc
622 3442 707 3506 porte
734 3436 851 3490 coenob
878 3436 925 3490 seri
951 3437 1038 3503 feisse
1061 3435 1174 3490 uidctm
1197 3433 1253 3488 rint
1277 3447 1334 3488 oooc

210 3526 272 3580 rent
389 3525 407 3578 8
434 3523 611 3593 utriusquem
638 3523 738 3593 protuli
767 3523 794 3575 A
923 3523 940 3576 9
967 3523 1210 3578 smeueoustrorem
1238 3519 1267 3573 A

210 3612 243 3665 li
262 3610 364 3665 iudicio
380 3610 541 3663 cusantium
559 3610 587 3663 A
691 3607 915 3664 intertrimento
933 3618 966 3663 ecc
983 3606 1239 3662 doleremontoAB
1249 3628 1250 3632 ¹
1262 3610 1335 3662 coir.

208 3701 280 3752 m.2
384 3697 416 3750 13
442 3708 550 3764 possum
576 3696 676 3751 mtuto
701 3695 730 3749 A
834 3694 868 3747 14
893 3695 934 3748 ito
960 3705 1079 3748 ssuoonm
1107 3693 1212 3763 Epicuri
1229 3693 1267 3746 -A

210 3784 244 3838 16
270 3782 366 3838 sectori
383 3797 478 3836 osorem
502 3783 559 3836 iem
583 3782 611 3836 A
715 3782 748 3836 18
774 3780 889 3835 diuinis·
910 3780 958 3834 hoo
984 3780 1013 3834 ‘A
1117 3779 1216 3835 inhoo
1240 3779 1268 3833 B

208 3870 266 3926 ioco
284 3872 391 3927 testim
409 3871 472 3941 quia
496 3871 523 3925 A
624 3867 666 3922 dei
683 3865 827 3922 debeamus
849 3866 878 3920 B
980 3867 1013 3921 19
1038 3866 1215 3920 cermomkeri
1237 3865 1285 3920 sed
1301 3865 1336 3918 ks

207 3972 243 4010 m.
262 3959 281 4011 2
304 3958 330 4011 A
434 3957 576 4026 impiorum
594 3979 636 4009 m
653 3953 828 4023 sequentibus
847 3952 874 4006 A
976 3952 1011 4008 20
1034 3952 1175 4007 ouinmniis
1198 3959 1288 4006 eorum
1307 3944 1337 4006 Β

204 4043 256 4098 sed
279 4060 370 4098 eorum
393 4045 424 4098 o'o
441 4058 491 4114 nup
509 4054 544 4099 m.
562 4045 582 4096 2
683 4041 715 4095 m
741 4041 822 4094 etium
841 4059 894 4095 eom
912 4040 1005 4109 Agunt
1025 4038 1131 4106 (scot-‘A
1147 4055 1181 4093 m.
1201 4043 1217 4092 1
1234 4039 1334 4105 (Aiunt

210 4133 238 4186 A
254 4147 289 4186 m.
307 4135 335 4192 2)
439 4129 472 4183 22
490 4127 725 4198 praetermittitis
743 4125 849 4182 sacculo
866 4125 894 4178 A
996 4123 1030 4179 24
1046 4124 1337 4180 admodum-*miserie

206 4218 238 4270 et
254 4217 312 4283 fere
330 4217 421 4272 mucio
439 4219 616 4270 coacescunt
632 4214 665 4268 io
682 4211 709 4265 A
