3076 4764
662 272 820 327 Saluiani

581 529 812 614 EPISTOLA
845 529 891 613 Π.

413 720 605 786 Eucherio
628 719 819 804 Episcopo
842 720 1058 785 Saluianus.

216 839 379 905 Vrsicinus
403 841 548 906 alumnus
572 845 644 906 tuns
665 841 888 906 salutationem
911 845 996 905 tuam
1028 840 1167 925 proxime
1189 842 1229 906 ad
1251 861 1302 906 me

173 943 302 1008 detulit:
336 943 364 1007 si
393 963 454 1008 non
482 945 593 1028 iussus,
629 945 720 1010 laudo
749 944 946 1026 sapientiam,
980 943 1056 1009 licet
1083 963 1144 1009 non
1175 946 1302 1027 probem

172 1047 354 1124 falsitatem,
389 1048 417 1111 si
443 1048 558 1133 iussus,
591 1047 687 1112 miror
721 1049 802 1131 quod
832 1048 981 1116 mandare
1016 1049 1130 1113 amoris
1164 1047 1338 1113 officiums

174 1169 268 1233 quam
291 1149 423 1214 scribere
446 1150 598 1228 maluisti,
620 1150 679 1216 hoc
702 1157 758 1233 est,
781 1167 836 1234 per
858 1169 983 1216 sernum
1004 1152 1108 1232 potius
1131 1169 1225 1232 quam
1246 1170 1303 1235 per

173 1255 204 1318 te
227 1252 309 1316 dare.
346 1270 441 1335 arguo
463 1253 569 1336 itaque
592 1253 651 1319 hoc
674 1255 706 1318 et
728 1254 886 1318 emendari
908 1253 989 1336 uolo,
1013 1254 1040 1318 si
1063 1256 1170 1318 tanum
1191 1253 1301 1338 negle-

72 1371 77 1379 ‘
173 1357 298 1440 gantiae
327 1356 461 1421 estnon
489 1356 658 1439 superbiae.
693 1357 876 1440 pedissequa
904 1356 988 1421 enim
1016 1358 1198 1439 plerumque
1227 1357 1302 1422 noui

174 1458 297 1524 honoris
325 1460 372 1524 est
403 1461 600 1544 adrogantia,
630 1460 705 1526 licet
733 1464 765 1527 in
787 1461 819 1524 te
846 1479 904 1526 nec
929 1460 1083 1542 generalis
1105 1461 1176 1525 uitii
1199 1462 1301 1544 opinio

174 1563 368 1628 admittenda
396 1563 448 1643 sit,
480 1564 553 1646 quia
574 1581 668 1647 prope
690 1565 859 1647 singularis
882 1568 931 1629 est
954 1582 1042 1629 mens
1065 1582 1101 1629 ac
1124 1565 1337 1647 benignitasro

173 1670 237 1730 tna.
273 1666 354 1730 unde
376 1667 553 1748 responderi
576 1687 595 1732 a
617 1669 649 1732 te
674 1668 820 1750 antiquae
849 1667 1072 1759 existimationi
1095 1685 1182 1732 meae
1205 1669 1302 1733 otiam

174 1786 257 1832 nunc
290 1768 405 1851 iugiter
439 1769 537 1852 cupio,
572 1789 620 1852 ne,
655 1771 683 1834 si
704 1772 738 1834 in
760 1772 946 1854 quibusdam
975 1770 1148 1836 officiorum
1176 1772 1301 1835 tuorum

174 1890 241 1936 mos
265 1872 457 1955 discreparit,
483 1872 603 1954 aliquid
624 1874 656 1937 in
669 1873 701 1937 te
717 1873 806 1939 nouis
823 1874 988 1939 honoribus
1004 1873 1130 1938 licuisse
1144 1872 1300 1937 uideatur.

573 2161 803 2246 bruslum
835 2163 900 2246 IH.

422 2367 595 2450 Agrycio
625 2368 807 2450 episcopo
830 2365 1053 2431 Saluianus.
1312 2402 1338 2444 1⁶

218 2486 250 2553 Si
273 2506 417 2553 excusare
439 2487 705 2554 inofliciositatem
727 2508 832 2555 meam
854 2489 937 2572 apud
952 2489 1192 2555 sanctimoniam
1214 2493 1303 2556 tuam

175 2595 306 2675 cupiam,
340 2592 443 2678 magis
473 2594 665 2659 accusandus
695 2597 763 2673 sim,
797 2595 851 2675 qui
880 2592 1125 2658 inexcusabilem
1154 2612 1204 2658 me
1234 2612 1303 2659 esse

175 2694 226 2760 uel
248 2714 309 2760 non
342 2714 508 2779 agnoscam
541 2716 614 2779 prae
648 2698 820 2761 stoliditate
851 2696 903 2761 uel
925 2697 1023 2760 nolim
1057 2715 1131 2778 prae
1159 2699 1303 2779 superbia

176 2797 324 2862 confiteri.
362 2816 425 2864 non
448 2817 556 2864 excuso
580 2818 667 2880 crgo;
692 2801 896 2882 augmentum
913 2799 996 2863 enim
1014 2804 1118 2863 reatus
1142 2810 1189 2864 est
1211 2800 1302 2866 inno·

176 2901 309 2964 centiam
342 2901 461 2966 iactare
493 2905 565 2986 post
599 2904 744 2984 culpam:
772 2904 853 2984 quid,
879 2903 977 2985 igitur
1007 2902 1131 2985 faciam,
1167 2904 1217 2968 cui
1247 2923 1340 2970 necao

175 3004 310 3086 negandi
344 3004 451 3069 delicti
484 3006 620 3071 facultas
654 3007 793 3089 suppet't
820 3024 876 3070 noc
904 3006 1034 3070 tuendi?
1072 3024 1184 3087 negare
1218 3008 1302 3072 enim

175 3107 343 3173 manifesta
365 3126 427 3174 non
448 3109 546 3173 audeo
570 3114 601 3174 et
624 3127 768 3174 excusare
789 3108 948 3174 inmodica
970 3127 1029 3173 non
1052 3127 1189 3190 possum.
1228 3128 1302 3175 con·

175 3211 359 3296 fugiendum
387 3212 467 3277 mihi
495 3213 600 3296 itaque
621 3215 661 3278 ad
684 3211 862 3277 diuinarum
885 3211 934 3277 est
955 3211 1092 3276 remedia
1114 3212 1301 3291 litterarum,

176 3333 254 3396 quae
277 3315 486 3380 maximorum
509 3315 676 3379 criminum
692 3348 708 3379 s
721 3348 738 3380 a
752 3349 770 3380 s

226 3603 434 3659 2EntberioO
517 3602 639 3656 4iussas
656 3619 713 3672 aa
729 3619 781 3658 scr.
801 3619 818 3656 u
835 3603 939 3658 ΜΟ
1025 3605 1237 3661 ssmalluistit'

76 3694 80 3705 '
175 3690 343 3745 demandari
361 3690 508 3744 Betucius:
534 3689 717 3745 emendaret)
800 3690 1046 3761 negglegentlaet'
1129 3693 1304 3761 Ssuperbiae

174 3776 223 3832 scd
245 3792 259 3830 o
281 3777 329 3845 fia.
353 3776 455 3830 lineola
478 3781 638 3830 transuerso
660 3775 712 3830 del.
742 3776 767 3832 0
868 3776 1007 3845 pedinseca
1037 3777 1060 3833 0
1161 3781 1192 3833 11
1210 3780 1303 3849 meae]

174 3861 304 3932 sequitur
323 3862 356 3915 ia
385 3862 409 3918 0
442 3877 580 3916 commune
605 3862 704 3931 pignus
731 3863 808 3930 epist.
831 3863 856 3917 V
877 3869 901 3928 §.
919 3867 955 3917 1⁷
979 3880 1065 3932 usquc
1090 3865 1127 3920 od
1152 3865 1234 3933 ficem

176 3947 450 4018 etiam-uideatur]
486 3949 550 4003 taso
585 3948 713 4018 teporatur
741 3950 773 4001 in
805 3948 830 4003 G
858 3957 922 4016 post
950 3951 1127 4005 maximorum
1160 3951 1303 4005 criminum

176 4037 254 4105 epist.
273 4035 329 4089 ΠΙ
341 4035 389 4101 pu.
478 4037 511 4089 12
528 4051 561 4089 ne
579 4035 601 4088 si
619 4034 765 4089 Pithoeus:
783 4035 836 4088 nisi
858 4036 881 4091 Ο
966 4037 999 4092 13
1016 4037 1173 4106 discreparit
1191 4039 1303 4106 scripsi:

126 4161 129 4168 .
175 4123 352 4192 discreparuit
373 4121 395 4177 0
412 4123 464 4177 del.
482 4138 496 4174 r
512 4125 576 4177 m.1
603 4120 764 4190 discreparit
782 4138 845 4177 cam
861 4123 920 4178 cdd.
940 4124 1072 4179 Halmius
1170 4125 1303 4179 uideatur.

175 4209 247 4264 finit.
265 4210 331 4263 item
348 4210 383 4263 al.
402 4215 429 4263 et
445 4209 569 4277 sepulture
588 4208 664 4276 optet.
686 4207 732 4261 Vr
744 4207 776 4260 ire
794 4207 818 4263 0
918 4208 1078 4264 141111tn
1095 4225 1147 4279 usp.
1169 4210 1191 4263 0
