3076 4764
537 266 575 321 de
591 266 728 336 gubern.
745 266 798 321 dei
815 266 840 321 V
860 271 875 333 5
893 268 1002 325 31-37.
1248 288 1251 295 '
1270 274 1332 340 113

179 494 183 503 -
207 454 360 521 moderati
382 456 583 521 inueniuntur
605 457 636 521 et
658 455 732 520 iusti
752 474 788 521 ao
809 457 998 539 pronitatem
1019 459 1113 523 unius
1134 459 1179 524 rei
1203 461 1331 527 alterins

206 559 361 642 probitate
384 560 583 643 eonpensant.
614 575 689 622 nam
703 559 785 623 siout
800 563 833 623 in
848 577 939 625 onera
954 578 1106 627 nonarum
1121 561 1331 629 indictionum

207 678 356 745 pauperes
388 663 538 742 granant,
573 663 619 726 ita
646 660 680 724 iu
709 678 860 727 nouorum
891 663 1098 729 remediorum
1125 665 1330 748 opitulatione

206 766 401 832 sustentant:
424 766 506 831 dont
528 764 659 830 tributis
680 766 768 830 nouis
791 766 927 832 minores
950 767 1084 832 maxime
1101 768 1329 850 deprimuntur,

186 868 253 935 seio
283 867 427 934 remediis
460 860 550 933 uouis
583 869 717 933 maxime
749 868 963 935 subleuantur.
1002 870 1098 936 immo
1128 892 1185 956 per
1213 878 1261 939 est
1281 876 1330 940 in-

207 971 321 1055 iquitas
342 972 377 1037 in
404 975 657 1054 utroquosnam
681 972 763 1037 siout
784 976 858 1039 sunt
880 975 915 1039 in
937 975 1159 1058 adgrauatious
1181 996 1329 1061 pauperes

206 1075 311 1160 primi,
334 1075 381 1141 its
401 1077 434 1140 in
456 1076 647 1142 releuatione
669 1079 837 1160 postremi..
862 1079 890 1142 si
913 1078 1037 1160 quando
1059 1079 1152 1159 enim,
1175 1083 1212 1145 ut
1235 1100 1332 1164 nuper
1340 1078 1384 1145 35

207 1177 325 1245 foetum
355 1182 414 1264 est,
444 1181 668 1246 oonsulendum
696 1181 825 1246 deieotis
853 1181 983 1247 urbibus
1013 1183 1070 1247 aut
1091 1183 1276 1249 minuendas
1298 1184 1332 1250 in

179 1320 182 1329 ·
208 1283 312 1366 aliquo
334 1282 518 1352 tributarias
541 1285 716 1350 innotioues
730 1288 900 1368 potestates
915 1304 1057 1350 summae
1073 1287 1330 1367 existimauerim,

172 1389 279 1455 roilioo
302 1388 475 1456 remedium
497 1389 619 1454 eunetis
642 1389 750 1455 datum
772 1387 831 1455 soli
852 1390 935 1454 iuter
958 1408 991 1455 se
1006 1389 1120 1456 diuites
1143 1390 1329 1472 partiuntur.

177 1530 181 1537 ·
206 1493 277 1576 quis
299 1494 375 1558 tuno
395 1511 567 1576 pauperum
590 1493 757 1557 meminit?
779 1491 848 1574 quis
864 1491 903 1558 ad
924 1494 1175 1558 communionem
1188 1492 1332 1558 beneficii

206 1596 341 1662 humiles
363 1595 395 1661 et
418 1597 597 1677 egestuosos
618 1594 731 1659 uoout?
752 1595 822 1676 quis
838 1614 921 1674 eum,
945 1594 998 1677 qui
1013 1595 1133 1679 primus
1149 1600 1197 1660 eet
1212 1615 1333 1678 semper

207 1700 240 1765 in
268 1701 404 1774 sarcina,
435 1698 487 1762 uel
514 1697 628 1762 ultimo
651 1715 718 1762 esso
739 1698 806 1763 loeo
828 1698 946 1780 patitur
968 1698 1000 1763 in
1022 1699 1167 1764 medela?
1204 1699 1333 1782 etquid

207 1804 323 1889 plura?
342 1803 502 1868 tributarii
525 1803 650 1867 omniuo
671 1819 821 1886 pauperes
844 1821 906 1867 uon
928 1803 1086 1884 putantur,
1118 1802 1179 1867 nisi
1201 1820 1272 1868 oum
1294 1802 1334 1868 iis

175 1928 200 1970 rs
206 1906 320 1972 tributi
336 1907 479 1971 cumulus
494 1905 682 1986 imponitur:
698 1909 785 1970 extre
796 1924 961 1971 numerum
974 1909 1079 1970 autem
1094 1908 1332 1971 tributariorum

178 2012 297 2094 sunt,
331 2028 403 2075 oum
435 2010 573 2075 remedia
604 2008 799 2073 diuiduntur.
845 2012 877 2074 et
912 2013 1074 2092 putamus,
1115 2009 1197 2090 quod
1234 2009 1386 2091 poena36

208 2112 332 2180 diuinae
354 2113 531 2179 seueritatis
554 2113 676 2196 indigni
691 2113 798 2190 simus,
822 2131 894 2177 oum
910 2113 955 2177 sie
971 2131 1027 2177 nos
1042 2130 1166 2194 semper
1179 2131 1331 2195 pauperes

207 2217 385 2300 puniamus,
414 2219 470 2282 aut
493 2217 657 2295 oredimus,
687 2235 756 2280 oum
778 2216 878 2298 iniqui
900 2234 956 2281 nos
977 2215 1095 2296 iugiter
1116 2217 1225 2295 simus,
1249 2216 1332 2298 quod

192 2321 284 2386 deus
305 2320 406 2385 iustus
427 2319 461 2384 in
483 2337 538 2385 nos
561 2320 687 2384 omnino
709 2336 858 2383 essenon
882 2319 1016 2384 debeat?
1037 2319 1091 2383 nbi
1115 2320 1198 2384 enim
1220 2321 1276 2384 aut
1298 2319 1333 2382 in

175 2424 320 2506 roquibus
341 2423 415 2488 sunt
436 2423 498 2488 uisi
520 2425 553 2488 iu
575 2424 724 2489 Romanis
746 2424 872 2487 tautum
893 2422 970 2486 haee
991 2422 1098 2488 mala?
1129 2440 1261 2505 quorum
1283 2423 1333 2485 in-

177 2544 182 2553 ·
207 2526 331 2593 iustitia
351 2528 442 2592 tanta
470 2527 529 2591 uisi
559 2527 689 2592 uestra?
722 2527 835 2592 Franoi
865 2527 951 2591 onim
972 2527 1031 2592 boo
1050 2527 1150 2592 sosius
1173 2525 1332 2590 nesciunt:

177 2648 183 2655 ·
210 2630 313 2696 chuni
335 2629 375 2695 ab
399 2630 447 2695 bis
471 2630 638 2696 sceleribus
661 2630 817 2695 immunes
839 2631 929 2695 suut:
951 2630 1031 2697 nibil
1051 2629 1163 2695 horum
1179 2629 1228 2693 est
1249 2626 1332 2709 apud

209 2733 387 2816 Wandalos,
411 2730 490 2796 nihil
512 2731 623 2795 borum
645 2733 726 2812 apud
749 2729 878 2797 Gothos.
905 2731 972 2795 tam
994 2731 1086 2814 louge
1108 2730 1193 2794 enim
1216 2730 1275 2805 est,
1297 2728 1335 2790 ut

209 2835 283 2901 hare
315 2836 397 2901 iuter
418 2833 536 2899 Gothos
571 2833 694 2901 barbari
726 2834 871 2911 tolerent,
906 2837 944 2898 ut
972 2853 1011 2899 ne
1033 2831 1167 2898 Romani
1196 2830 1332 2913 quidem,

147 2954 161 2965 ·=
177 2940 262 3020 uqui
282 2940 366 3003 inter
387 2955 437 3002 eos
465 2937 594 3015 uiuunt,
628 2939 690 3001 ista
716 2937 886 3019 patiantur.
924 2937 1031 3019 itaque
1060 2954 1158 3001 unum
1180 2934 1248 3000 illie
1269 2932 1385 2998 Ito-37

209 3059 371 3107 manorum
399 3041 539 3106 omnium
568 3040 677 3105 uotum
700 3041 756 3119 est,
786 3059 824 3104 ns
847 3058 997 3122 umquam
1018 3057 1068 3104 sos
1089 3056 1214 3104 neeesse
1236 3037 1278 3101 sit
1300 3037 1334 3099 in

176 3176 180 3186 ·
209 3142 257 3209 ius
290 3147 424 3211 transire
456 3145 642 3210 Romanum.
686 3160 750 3208 uua
782 3144 815 3208 et
847 3145 1040 3208 consentiens
1066 3141 1144 3206 illia
1177 3141 1334 3205 Romanae

177 3254 189 3267 ·“
210 3245 307 3328 plebis
329 3247 438 3325 oratio,
462 3251 499 3311 ut
521 3246 615 3311 lioeat
637 3245 682 3309 eis
703 3247 802 3310 uitam
825 3263 922 3328 quam
943 3246 1042 3329 agunt
1059 3263 1150 3328 agere
1166 3262 1238 3309 oum
1260 3240 1334 3306 bar-

262 3537 274 3589 1
302 3534 434 3589 moderati
457 3550 491 3590 en
513 3535 591 3589 modo
615 3533 670 3588 rati
693 3536 720 3589 A
742 3544 811 3590 corr.
830 3550 863 3590 m.
882 3538 901 3590 2
1003 3533 1052 3588 hae
1073 3534 1213 3602 pronitate
1240 3532 1267 3586 A

209 3636 227 3691 2
242 3636 415 3693 iudiotionem
434 3654 516 3710 super
534 3655 548 3693 e
565 3654 615 3694 seo.
628 3636 700 3692 'm.2
717 3642 735 3691 d
753 3637 780 3691 A
874 3638 891 3691 4
908 3637 1024 3691 minores
1041 3653 1077 3690 m.
1095 3636 1282 3706 deprimuntur
1301 3649 1336 3688 eor

209 3732 324 3789 minores
341 3749 378 3789 ιιι.
395 3732 510 3804 deprem.
530 3735 557 3789 A
575 3750 646 3790 coro.
662 3738 728 3790 m.2
832 3732 947 3801 oprimi
963 3722 1090 3803 pauperes
1108 3732 1135 3784 B
1235 3718 1336 3784 ''itale-

175 3864 179 3871 -
209 3828 339 3883 ditatione
353 3829 417 3899 (sic)
434 3830 463 3883 A
565 3829 583 3883 8
606 3827 797 3883 consulendum
818 3843 869 3882 om.
887 3827 915 3882 Β
1017 3825 1176 3907 minuendas
1195 3840 1230 3880 eor
1246 3823 1336 3903 miuu-

209 3921 284 3977 endis
301 3924 330 3977 A
346 3937 416 3978 coro.
437 3927 507 3978 m.1
614 3922 644 3977 in
661 3922 711 3976 alii
728 3922 787 3989 (ott.
806 3921 939 3990 ipemet.)
958 3934 1009 3990 quo
1026 3921 1054 3972 A
1108 3972 1111 3976 ,
1151 3919 1336 3987 9poteststss

210 4017 313 4071 eor-tio
330 4018 359 4071 A
376 4032 446 4071 corr.
463 4019 535 4073 md.
618 4017 650 4071 13
667 4016 764 4091 ultima
782 4031 834 4071 aa
850 4030 903 4071 eor.
920 4030 936 4068 o
953 4031 988 4069 ιιι.
1006 4030 1059 4070 ree.
1078 4015 1106 4069 A
1193 4013 1225 4069 17
1244 4012 1337 4080 indig-

209 4110 334 4165 nissimos
351 4112 379 4164 A
395 4111 533 4167 eed·-m.2
556 4113 677 4181 spro'ore
690 4117 787 4180 pensor.
807 4115 831 4165 ed
848 4124 931 4178 sopor
948 4126 964 4164 o
980 4125 1032 4165 seo.
1051 4126 1086 4164 n:
1111 4107 1218 4179 indigui
1243 4123 1337 4163 sumus

210 4204 237 4259 Β
282 4233 287 4243 ·
339 4205 371 4261 21
390 4208 498 4261 tantum
515 4206 543 4260 B
646 4205 680 4259 22
697 4205 772 4258 Huni
790 4205 818 4259 B
900 4244 905 4250 .

259 4309 338 4364 VIII.
1215 4308 1233 4362 8
