3076 4764
263 259 306 326 36
749 254 901 308 Saluiani

264 451 298 511 et
321 446 483 527 exemplis,
507 445 562 510 sed
585 444 651 526 ipso
676 443 801 509 nomine
824 445 917 526 atque
941 443 1147 526 appellatione
1171 445 1278 510 iudicii
1301 448 1392 511 deum

265 549 363 613 etiam
396 548 550 630 praesenti
584 548 705 614 saeculo
742 546 878 612 iudicare
915 548 1039 612 diuinae
1072 567 1127 629 per
1161 567 1262 614 saeros
1295 550 1396 615 testes

264 653 388 718 litterae
412 651 555 732 probent.
591 654 645 717 sed
668 650 799 715 forsitan
821 654 922 734 putes,
947 652 980 716 id
995 651 1171 732 specialiter
1193 654 1299 717 sancto
1322 655 1388 716 uiro

264 756 360 820 adeo
390 756 592 837 praestitum,
626 757 661 818 ut
685 755 722 818 de
746 753 931 820 aduersariis
963 754 1028 819 eius
1058 754 1198 838 protinus
1228 755 1389 821 iudicaret.

265 858 329 924 dies
351 877 401 922 me
424 858 561 936 deficiet,
592 855 620 920 si
643 857 681 920 de
703 857 916 938 praesentibus
940 856 973 921 in
994 858 1052 923 hoc
1083 861 1197 923 mundo
1227 858 1397 923 sententiis
1419 883 1432 922 s

264 963 358 1043 atque
381 959 506 1025 iudiciis
529 961 626 1026 uelim
650 961 760 1026 disere.
792 962 847 1025 sed
867 962 982 1044 tamen,
1006 965 1042 1025 ut
1058 961 1218 1026 euidenter
1233 980 1390 1044 agnoscas,
1417 971 1420 978 '

265 1082 429 1129 censuram
452 1082 540 1130 suam
565 1068 596 1129 et
618 1083 746 1130 examen
770 1082 892 1129 sacrum
915 1082 976 1129 non
998 1065 1065 1128 tam
1081 1066 1218 1147 personis
1233 1069 1392 1148 praestare

265 1187 360 1249 quam
382 1167 500 1250 causis,
525 1168 598 1232 audi
621 1169 771 1248 quomedo
795 1167 887 1231 iudex
911 1167 1001 1248 deus,
1026 1167 1079 1249 qui
1101 1186 1156 1249 pro
1179 1169 1281 1233 Dauid
1304 1186 1392 1232 seruo

266 1289 321 1336 suo
344 1272 534 1336 sententiam
557 1271 685 1335 adsidue
710 1270 887 1336 euidentem
910 1270 1012 1355 dedit,
1037 1271 1144 1336 centra
1167 1271 1266 1336 Dauid
1289 1271 1392 1353 ipsum

268 1375 389 1456 saepius
412 1375 567 1441 indicarit.
603 1376 634 1439 et
662 1375 787 1457 quidem
816 1374 874 1439 hoc
897 1392 960 1438 non
982 1375 1015 1438 in
1039 1375 1210 1440 multorum
1232 1374 1432 1439 hominumn

266 1478 391 1562 negotio
426 1481 496 1558 aut,
535 1478 616 1560 quod
649 1478 780 1543 forsitan
813 1478 966 1559 potuisset
999 1478 1091 1542 deum
1126 1478 1227 1560 magis
1260 1495 1397 1555 mouere,

266 1586 464 1662 sanctorum,
488 1581 541 1645 sed
565 1582 597 1645 in
621 1599 711 1645 causa
734 1581 766 1645 et
794 1580 887 1645 unius
915 1580 1049 1646 hominis
1072 1581 1105 1644 et
1133 1580 1259 1645 barbari
1287 1581 1319 1644 et
1341 1579 1395 1644 ubi

266 1685 390 1749 tantum
425 1685 528 1748 uimm
560 1702 691 1766 persona
723 1683 848 1764 penitus
883 1702 945 1748 nen
974 1684 1176 1766 grauauerat‚
1211 1682 1271 1747 nisi
1302 1699 1396 1746 causa

217 1787 443 1865 16multasset.
482 1786 646 1850 interfecto
670 1787 745 1850 Uria
768 1785 927 1865 Chettaeo,
951 1786 1076 1851 homine
1100 1787 1204 1870 gentis
1227 1786 1340 1866 impiae
1363 1784 1395 1847 et

266 1888 402 1953 nationis
425 1889 581 1962 inimicae,
605 1889 715 1953 statim
737 1889 773 1952 fit
795 1890 834 1955 ad
850 1890 952 1955 Dauid
975 1907 1075 1953 sermo
1099 1888 1241 1952 diuinus:
1269 1889 1294 1954 U
1299 1888 1430 1952 riamrs

268 1992 501 2058 Chettaeum
544 1991 787 2074 persuasisti
831 1992 965 2074 gladio
1003 1994 1040 2055 et
1077 2010 1236 2056 uxorem
1280 1990 1395 2054 illius

266 2096 464 2178 accepisti
494 2114 652 2160 uxorem
675 2095 715 2159 et
736 2094 990 2160 interfecisti
1013 2113 1100 2159 eum
1129 2094 1263 2178 gladio
1286 2093 1394 2158 filio·

266 2218 349 2264 rum
372 2199 548 2264 Ammon:
578 2216 691 2280 quam
713 2200 756 2263 ob
779 2216 860 2262 rem
881 2217 955 2264 non
978 2198 1141 2263 recedet
1166 2196 1326 2281 gladius
1351 2198 1394 2262 de

267 2302 373 2366 domo
397 2305 465 2366 tua
486 2320 608 2384 usque
629 2301 669 2365 in
691 2301 984 2383 sempiternum.
1016 2301 1154 2382 ltaque
1177 2301 1270 2367 haec
1294 2300 1396 2366 dicit

266 2406 467 2471 dominus:
503 2424 587 2471 ecee
616 2424 692 2488 ¹ege
725 2404 929 2470 suscitabo
964 2423 1079 2488 super
1107 2408 1144 2469 ts
1177 2405 1323 2469 malum
1352 2406 1431 2469 dero

267 2508 374 2574 domo
406 2513 472 2574 tua
496 2513 532 2573 et
566 2508 708 2573 tollam
740 2525 879 2571 uxores
914 2511 1004 2572 tuas
1027 2507 1067 2571 in
1099 2508 1222 2572 oeulis
1252 2509 1333 2571 tuis
1357 2507 1396 2571 et

268 2612 365 2676 dabo
386 2611 564 2694 proximo
587 2615 660 2675 tuo.
699 2611 743 2674 tu
766 2611 868 2673 enim
892 2609 1032 2675 fecisti
1054 2610 1301 2674 abscondite:
1325 2625 1394 2688 ego

267 2732 360 2778 uero
404 2713 546 2777 faciam
590 2715 752 2778 uerbum
794 2711 906 2776 istud
942 2713 980 2776 in
1017 2713 1231 2794 conspeetu
1268 2710 1395 2776 omnis

218 2816 425 2890 171srahel
455 2817 492 2881 et
521 2815 562 2880 in
591 2818 805 2898 conspectu
835 2817 944 2882 solis.
982 2817 1056 2898 quid
1079 2815 1157 2880 dicis
1179 2817 1230 2893 tu,
1254 2815 1307 2897 qui
1329 2831 1392 2877 non

268 2922 368 2985 solum
390 2937 452 2983 non
475 2919 605 2984 iudicari
624 2938 831 3002 quaecumque
847 2921 980 3003 agimus,
997 2921 1051 2984 sed
1067 2936 1123 2983 nee
1137 2917 1249 2999 respici
1265 2919 1388 2982 omnino
1404 2937 1430 2980 es

266 3042 285 3088 a
308 3025 362 3088 deo
385 3022 506 3087 credis?
539 3023 668 3086 uidesne
690 3023 786 3087 etiam
809 3042 828 3087 a
850 3024 968 3088 secreto
990 3022 1058 3101 illo,
1088 3039 1147 3103 quo
1170 3020 1273 3085 Dauid
1295 3020 1394 3084 semel

158 3142 161 3147 ·
267 3127 370 3208 lapsus
402 3126 463 3202 est,
494 3145 690 3208 nequaquam
714 3129 764 3193 dei
786 3127 891 3192 oeulos
914 3126 1055 3191 afuisse?
1088 3125 1224 3189 undeet
1247 3127 1300 3207 tu,
1330 3123 1393 3207 qui,

267 3231 307 3296 ad
335 3230 484 3295 solacium
518 3230 652 3295 arbitror
686 3233 882 3312 peecatorum
914 3232 1055 3306 tuorum,
1090 3228 1277 3294 considerari
1305 3232 1393 3292 actus

370 3416 699 3486 15111eeg.12‚9-12
757 3409 760 3414 ·

322 3574 383 3628 lin
401 3573 458 3640 ipso
477 3570 525 3625 sed
542 3571 571 3624 in
585 3576 713 3639 pacetur.
732 3571 759 3622 A
851 3570 974 3639 3putes]
992 3571 1068 3638 potes
1086 3570 1114 3622 B
1210 3570 1325 3625 4adeo
1344 3585 1394 3624 om.

268 3659 296 3713 Β
313 3663 381 3711 ml
485 3656 518 3709 10
536 3657 664 3714 indicarit
681 3658 708 3709 A
727 3662 753 3710 et
771 3671 804 3709 coc
822 3654 968 3709 uindicarit
986 3670 1055 3709 corr.
1073 3656 1101 3709 B
1119 3659 1194 3710 Μ
1297 3660 1325 3710 in
1344 3673 1395 3710 om.

269 3744 296 3798 Β
402 3743 434 3796 13
452 3743 560 3810 penitus
578 3742 776 3811 adgraueuerst
793 3742 821 3796 Β
927 3739 960 3794 14
983 3741 1026 3794 uri
1043 3741 1148 3796 cettheo
1169 3743 1210 3806 A;
1236 3743 1309 3800 ‘fort
1328 3742 1395 3796 Uria

269 3829 396 3883 Chetteeo
415 3829 559 3881 secundum
573 3831 677 3882 textum
689 3844 813 3897 graecum
832 3827 897 3900 Οὐρ.
917 3825 1088 3887 ὀΧετταῐος’
1106 3833 1179 3883 recte
1190 3831 1329 3893 Halmius,
1347 3831 1396 3898 qui

268 3917 300 3970 e'o
318 3915 345 3968 Β
367 3915 504 3968 iuuentae
526 3913 638 3969 uidetur
657 3920 793 3982 receptura
811 3932 828 3968 o
844 3930 874 3968 sc
891 3915 1056 3983 scripturam
1073 3914 1172 3980 Etheo;
1199 3917 1231 3970 a'a
1250 3917 1395 3984 archetypo

267 4002 352 4068 fuisse
366 4001 489 4068 putarim
507 4002 591 4054 cotteo
611 4003 650 4054 le't.
669 4001 688 4054 h
705 4017 726 4054 s.
745 4016 812 4066 soa,
838 4016 907 4068 qaue
925 4017 942 4054 o
961 4001 1073 4055 librario
1097 4002 1155 4057 loco
1178 4018 1237 4057 ooo
1259 4007 1331 4056 recto
1348 4002 1393 4054 ie-

268 4087 407 4143 screbufar
510 4087 543 4140 16
566 4087 667 4141 edtheo
690 4101 809 4154 saproc
832 4086 871 4142 lit.
889 4092 907 4140 i
924 4103 975 4142 sor.
1000 4088 1029 4142 A
1131 4089 1164 4144 25
1188 4090 1268 4143 adeo
1287 4087 1393 4142 omnine

268 4176 297 4230 B
401 4173 435 4226 27
453 4173 559 4228 affuisse
576 4173 605 4226 Β
708 4174 741 4228 28
758 4173 923 4228 considerare
939 4174 968 4227 A
