3076 4764
195 274 240 340 44
684 272 840 326 Saluiani

199 462 253 526 sed
276 462 348 544 quia
369 460 463 525 multi
485 462 544 525 ista
567 479 629 526 non
651 461 777 542 sapiunt
800 462 832 525 et
847 463 961 543 putant
977 461 1117 528 homines
1134 460 1327 528 Christianos

198 566 275 630 haec
298 565 385 646 quasi
407 564 562 646 stipendia
584 563 656 627 fidei
679 582 752 629 suae
775 567 872 630 adeo
895 582 1004 647 capere
1028 565 1155 642 debere,
1178 565 1231 644 ut,
1256 564 1329 647 quia

200 668 265 733 sint
287 669 407 732 cunctis
427 668 571 750 gentibus
586 665 802 748 religiosiores,
827 666 891 731 sint
913 667 1032 732 cunctis
1055 667 1151 732 etiam
1176 668 1328 746 fortiores,

171 769 189 833 7
200 770 432 853 adquiescamus
456 768 596 852 opinioni
619 787 724 834 eorum
747 773 840 852 atque
862 771 1050 836 sententiae.
1089 772 1144 836 sed
1167 772 1329 838 uideamus

200 876 306 938 tamen
336 871 409 954 quid
438 872 480 938 sit
503 874 596 937 deum
619 873 754 939 fideliter
776 873 870 940 credi.
908 876 962 956 qui
985 874 1067 939 enirn
1093 879 1161 940 tam
1183 893 1329 958 magnam
1352 894 1365 936 c

201 976 394 1041 credulitatis
427 977 457 1039 et
484 976 558 1040 fidei
586 978 758 1042 mercedem
789 976 823 1040 in
853 977 911 1041 hoc
939 977 1060 1042 saeculo
1084 997 1152 1044 esse
1174 978 1330 1061 uolumus,

201 1079 301 1160 quahs
318 1078 485 1148 credulitas
502 1082 558 1143 aut
572 1078 649 1144 fides
664 1080 734 1161 ipsa
749 1097 815 1145 esse
831 1078 944 1144 debeat
962 1083 1154 1146 considerare
1170 1080 1328 1147 debemus.

203 1181 279 1263 quid
302 1184 350 1247 est
373 1181 470 1265 igitur
493 1181 662 1246 credulitas
685 1182 736 1246 uel
759 1181 860 1248 fides?
883 1182 1000 1264 opinor,
1023 1183 1158 1248 fideliter
1173 1183 1331 1247 hominem

203 1283 325 1349 Christo
349 1285 490 1364 credere,
520 1285 553 1349 id
575 1287 623 1349 est
645 1285 768 1350 fidelem
792 1287 848 1350 deo
872 1303 947 1366 esse,
975 1285 1033 1351 hoc
1056 1288 1102 1350 est
1124 1285 1257 1351 fidehter
1280 1285 1331 1350 dei

203 1388 353 1452 mandata
376 1405 508 1452 seruare.
538 1387 621 1452 sicut
644 1388 726 1453 enim
749 1389 832 1452 serui
847 1390 1008 1454 hominum
1025 1388 1160 1453 diuitum
1184 1390 1239 1454 aut
1260 1407 1368 1471 pro-ro

203 1491 369 1573 curatores,
394 1491 506 1572 quibus
522 1492 574 1555 uel
590 1491 802 1573 supellectiles
819 1492 957 1575 copiosae
973 1493 1024 1556 uel
1040 1493 1169 1559 cellaria
1183 1493 1333 1574 opulenta

203 1594 387 1672 creduntur,
418 1594 523 1658 fideles
552 1596 667 1676 absque
691 1595 784 1660 dubio
808 1595 871 1660 dici
900 1614 961 1660 non
983 1596 1116 1678 queunt,
1146 1597 1174 1660 si
1201 1614 1249 1661 res
1273 1596 1333 1663 sibi

202 1698 335 1762 traditas
358 1696 555 1780 deuorarint:
578 1697 623 1760 sic
644 1697 782 1779 profecto
806 1696 902 1763 etiam
926 1697 1096 1763 Christiani
1117 1699 1259 1763 homines
1282 1699 1332 1763 in-

173 1799 309 1864 8fideles
332 1802 422 1881 sunt,
453 1799 480 1864 si
503 1799 583 1864 bona
605 1800 666 1864 sibi
688 1820 707 1865 a
729 1802 785 1865 dec
810 1802 977 1884 adsignata
999 1803 1202 1885 corruperint.
1238 1819 1332 1882 quae·

203 1903 285 1968 ritur
301 1903 443 1982 forsitan,
468 1921 547 1984 quae
563 1903 626 1967 sint
649 1905 739 1981 bona,
763 1912 842 1987 quae
861 1905 935 1970 deus
952 1903 1137 1969 Christianis
1152 1903 1331 1968 hominibus
1342 1929 1368 1970 rs

204 2005 369 2090 adsignet?
403 2024 495 2086 quae,
531 2007 592 2070 nisi
618 2007 723 2072 omnia
754 2027 808 2089 per
831 2026 910 2090 quae
933 2008 1103 2085 credimus,
1133 2007 1255 2085 idest,
1278 2025 1333 2088 per

204 2127 280 2191 quae
304 2109 407 2173 omnia
429 2106 601 2173 Christiani
624 2109 755 2175 sumus‘l
784 2112 921 2192 primum
942 2109 1061 2174 scilicet
1084 2111 1196 2193 legem,
1224 2110 1332 2176 deinde

204 2212 382 2295 prophetas,
405 2212 499 2277 tertio
522 2212 732 2296 euangelium,
758 2214 868 2295 quarto
884 2213 1072 2296 apostolicas
1094 2212 1254 2294 lectiones,
1278 2231 1333 2294 po-

204 2317 356 2381 stremum
381 2316 623 2398 regenerationis
648 2332 748 2382 nouae
771 2336 894 2392 munus,
919 2316 1020 2382 sancti
1043 2315 1241 2399 baptismatis
1263 2335 1334 2398 gra-

204 2419 298 2501 tiam,
332 2418 431 2484 diuini
460 2418 641 2484 chrismatis
675 2420 871 2485 unctionem:
907 2419 1044 2497 scilieet,
1080 2421 1116 2482 ut
1144 2419 1222 2484 sicut
1253 2419 1333 2499 apud
1343 2445 1369 2486 ro

205 2521 365 2588 Hebraeos
388 2522 553 2605 quondam,
578 2522 610 2586 id
634 2526 681 2586 est
697 2523 884 2605 peculiarem
901 2540 937 2586 ac
951 2521 1111 2602 propriam
1127 2520 1176 2584 dei
1197 2522 1333 2603 gentem,

207 2641 278 2689 cum
311 2624 495 2690 iudiciarias
517 2625 615 2690 honor
642 2625 676 2689 in
706 2626 896 2710 potestatem
930 2625 1049 2708 regiam
1083 2621 1335 2699 transcendisset,

205 2727 439 2808 probatissimos
463 2732 494 2792 et
517 2728 703 2793 lectissimos
727 2728 810 2793 uiros
833 2746 888 2809 per
911 2726 1106 2810 unguentum
1121 2725 1243 2807 regium
1259 2725 1334 2790 deus

205 2830 331 2894 uocauit
353 2831 386 2894 iu
408 2848 558 2912 regnum,
588 2831 634 2895 sic
656 2849 761 2896 omnes
783 2829 927 2894 homines
952 2827 1137 2904 Christiani,
1169 2846 1241 2892 cum
1263 2831 1335 2911 poet

207 2930 344 2996 chrisma
360 2933 607 2999 ecclesiasticum
624 2935 728 3000 omnia
750 2933 800 2998 dei
815 2932 963 2997 mandata
979 2931 1134 3009 fecissent,
1158 2931 1197 2995 ad
1214 2930 1369 3013 capion-rs

177 3033 283 3100 Cdum
305 3035 420 3100 laboris
443 3037 619 3119 praemium
642 3040 827 3102 uocarentur
850 3038 888 3101 ad
911 3037 1043 3101 caelum.
1082 3054 1154 3101 cum
1177 3052 1249 3119 ergo
1271 3033 1335 3100 ista

208 3137 272 3202 sint
295 3139 408 3216 omnia,
430 3156 485 3220 per
507 3156 586 3219 quae
607 3136 683 3202 fides
708 3137 845 3214 constat,
869 3135 1034 3200 uideamus
1058 3135 1127 3217 quis
1149 3135 1239 3199 tanta
1260 3134 1335 3199 haec

207 3240 279 3306 fidei
302 3242 499 3307 sacramenta
522 3241 692 3319 custodiat,
721 3241 757 3305 ut
779 3239 880 3306 fidelis
911 3258 976 3305 esse
1004 3239 1162 3323 uideatur,
1191 3238 1265 3321 quia
1286 3238 1335 3302 in·

206 3344 322 3423 fidelis,
357 3348 392 3410 ut
422 3344 572 3421 diximus,
601 3345 643 3409 sit
672 3362 795 3410 necesse
825 3347 873 3408 est
902 3343 956 3426 qui
983 3341 1056 3408 fidei
1085 3340 1247 3405 commissa
1274 3357 1336 3404 non

208 3451 323 3515 seruat.
369 3455 401 3515 et
424 3449 550 3530 quidem
572 3468 633 3513 non
656 3465 785 3530 quaero,
815 3449 853 3513 ut
883 3449 995 3511 cuncta
1017 3445 1114 3509 faciat
1136 3461 1214 3525 quae
1236 3443 1371 3515 testa-³0

261 3739 382 3794 lmulta
399 3738 426 3791 Β
528 3738 652 3790 dtamen
670 3752 720 3790 om.
740 3736 767 3788 Β
872 3732 937 3802 quid
955 3732 1027 3786 enim
1044 3732 1072 3785 A
1175 3730 1337 3799 8ue1]aut

207 3834 236 3886 Β
336 3831 470 3885 hominem
494 3831 610 3884 fideliter
633 3829 660 3883 Β
764 3827 946 3883 9aChristo
970 3826 998 3880 Β
1101 3824 1135 3878 10
1158 3823 1337 3893 procuratoris

208 3929 235 3982 Β
340 3927 370 3980 11
385 3925 582 3994 suppellectiles
595 3923 714 3993 copiosae
726 3923 753 3976 A
779 3921 965 3991 subpellectile,
976 3917 1081 3990 copiose,
1093 3920 1121 3974 Β
1212 3919 1246 3972 19
1258 3933 1337 3987 gene·

208 4021 321 4077 rationis
346 4021 373 4075 B
474 4019 509 4074 20
532 4019 686 4073 unctionem
704 4034 738 4072 ex
756 4018 894 4071 untionem
915 4017 943 4071 A
961 4032 1032 4072 corr.
1051 4017 1124 4069 aad
1226 4012 1258 4066 21
1284 4009 1337 4064 He·

211 4116 285 4171 breos
303 4117 331 4170 A
428 4115 461 4168 22
479 4114 623 4169 iudicarius
640 4113 669 4167 A
768 4112 801 4166 23
819 4114 968 4180 ungentum
987 4110 1014 4164 B
1117 4109 1152 4163 28
1169 4105 1285 4161 infidelis
1303 4118 1337 4158 aa

209 4202 329 4257 infideles
347 4203 375 4256 A
392 4216 462 4257 corr.
480 4217 514 4259 m.
533 4203 554 4255 2
