3076 4764
194 270 217 335 4
678 268 836 322 Saluiani

198 458 272 541 quid
295 459 463 540 potnerunt
485 459 522 521 de
544 456 657 522 affectu
679 475 714 522 ao
736 457 898 540 diligentia
921 457 971 523 dei
986 460 1101 524 rectius
1125 459 1319 542 religiosius-

197 580 257 644 que
279 561 393 626 sentire
416 579 508 643 quam
533 563 567 624 ut
590 579 662 626 eum
684 562 887 643 gubernatori
909 562 1044 627 similem
1067 580 1135 628 esse
1158 562 1324 629 dicerent?

197 667 255 731 hoo
276 665 382 748 utique
406 664 634 746 intellegentes,
660 667 740 746 quod
756 664 837 729 siout
852 665 1005 750 nauigans
1021 665 1212 748 gubernator
1227 685 1323 731 num·

197 788 290 852 quana
323 787 451 834 manum
485 786 574 834 suam
607 784 626 831 a
658 767 880 851 gubernaculo,
916 768 961 834 sic
995 787 1165 853 numquam
1197 770 1320 853 penitus

196 890 303 938 caram
336 890 426 938 suam
458 874 533 937 deus
568 869 693 936 tollita
721 873 850 949 mundo,
889 891 925 938 ao
959 872 1041 938 siout
1074 874 1128 939 ille
1162 876 1193 937 et
1228 890 1360 938 aurose

196 977 323 1059 captans
347 979 379 1041 et
401 993 473 1041 saxa
495 973 601 1039 uitans
623 977 655 1039 et
670 977 755 1041 astra
777 975 948 1057 suspiciens
971 977 1056 1040 totus
1071 976 1113 1041 sit
1135 975 1230 1041 simul
1253 977 1320 1041 tam

198 1081 332 1162 eorporis
367 1095 459 1161 quern
493 1076 592 1142 cordis
627 1075 727 1142 orfido
761 1076 848 1159 operi
876 1097 931 1144 suo
961 1079 1099 1160 deditus,
1133 1079 1323 1146 itascilicet

197 1185 289 1247 deum
322 1182 465 1247 nostrum
495 1181 533 1247 ab
566 1181 770 1246 uniuersitate
805 1183 944 1246 omnium
978 1201 1083 1248 rerum
1116 1201 1172 1249 noc
1205 1202 1321 1249 munus

198 1285 453 1369 dignantissimae
476 1284 606 1351 unionis
629 1288 771 1359 auertere
789 1302 848 1350 nec
860 1285 1002 1370 regimen
1017 1285 1230 1370 prouidentiae
1247 1303 1321 1350 snae

167 1388 308 1454 dtollere
330 1407 387 1453 nec
407 1387 901 1472 indulgentiamhenignissimae
923 1391 1048 1471 pietatis
1071 1389 1201 1455 auferre.
1239 1390 1362 1455 undeno

198 1493 294 1558 etiam
317 1493 396 1558 illud
418 1493 571 1577 mysticae
593 1493 991 1578 auctoritatisoxemplum,
1015 1511 1075 1576 qno
1091 1512 1124 1558 se
1140 1510 1201 1557 non
1216 1493 1322 1557 minna

198 1596 419 1680 philosophum
433 1597 522 1661 Maro
537 1596 669 1679 probare
682 1597 895 1678 uoluitvquam
908 1599 1042 1679 poetam,
1065 1597 1186 1661 diceas:
1210 1596 1322 1660 deum

199 1718 362 1781 namque
384 1699 441 1764 ire
462 1717 527 1782 por
556 1717 686 1764 ornnes
717 1701 924 1781 terrasque
947 1701 1181 1780 tractusque
1201 1698 1321 1764 maris

199 1805 426 1885 caelumque
446 1803 691 1886 profu-ndum·
716 1803 990 1886 'l'ulliusouoquez
1024 1820 1097 1867 noo
1117 1820 1208 1867 uero
1228 1801 1321 1866 deus

198 1907 299 1989 ipse,
331 1907 449 1988 inquit,
484 1906 549 1988 qui
581 1905 842 1988 intellegitur
872 1923 892 1970 a
924 1904 1054 1982 nobis,
1089 1903 1170 1970 ali-o
1210 1905 1362 1969 modona

199 2009 389 2091 intellegi
426 2011 558 2090 potest
595 2027 708 2090 quam
746 2027 854 2072 mens
891 2009 1031 2074 solnta
1057 2011 1244 2091 quaedam
1283 2008 1324 2072 et

199 2113 325 2179 libera
354 2114 393 2177 et
421 2113 637 2196 segregata
658 2111 701 2177 ab
733 2112 836 2176 omni
866 2112 1118 2178 conone-tione
1148 2110 1322 2189 mortali,

167 2217 324 2282 omnia
361 2214 536 2280 sentiens
574 2215 813 2281 etmouens.
854 2215 932 2280 aliti
968 2233 1087 2298 quoque
1121 2215 1226 2281 nihil
1264 2214 1324 2278 est

200 2317 319 2401 inquit,
357 2321 632 2400 praestantius
671 2318 754 2383 deo:
794 2318 833 2383 ab
867 2337 901 2383 eo
938 2317 1039 2403 igitur
1072 2322 1223 2387 mundum
1255 2317 1323 2400 regi

200 2441 322 2488 necesse
344 2421 414 2488 est,
430 2421 509 2486 nulli
533 2421 629 2506 igitur
651 2425 780 2487 naturae
791 2420 1035 2488 oboediensant
1057 2424 1212 2491 subiectas
1228 2421 1363 2485 deustis

201 2543 324 2591 omnem
359 2543 431 2608 ergo
464 2526 546 2608 regit
578 2529 649 2609 ipse·
679 2529 841 2590 naturam:
880 2524 942 2588 nisi
973 2525 1053 2590 forta
1087 2542 1141 2589 nos
1175 2523 1324 2589 uidelicet

201 2629 424 2711 sapientissimi
446 2630 491 2701 ita
512 2629 692 2708 sentiamus,
716 2630 751 2691 ut
769 2645 850 2705 eum,
874 2644 966 2708 aquo
982 2627 1085 2691 omnia
1100 2626 1166 2710 regi
1182 2625 1324 2701 dicimus,

170 2731 233 2797 eet
265 2749 372 2814 regere
404 2730 499 2795 simul
534 2733 566 2795 et
596 2730 759 2814 neglegere
795 2730 967 2794 eradamus.
1006 2748 1077 2795 eum
1110 2746 1183 2812 ergo
1217 2745 1326 2793 omnes

303 2961 335 3015 12
353 2959 448 3029 Georg.
465 2960 491 3027 4,
504 2959 555 3015 221
565 2975 604 3030 sq.
624 2960 657 3015 cf.
676 2960 811 3015 Lactantii
829 2961 917 3015 instit.
935 2959 990 3016 diu.
1008 2959 1022 3013 I
1040 2958 1112 3028 5,12
1194 2958 1227 3013 14
1245 2957 1324 3013 Tusc.

201 3048 317 3117 quaesit.
343 3048 366 3115 I,
387 3045 429 3113 27,
453 3047 487 3101 66
513 3046 547 3104 oi.
570 3046 861 3114 Lactantiil.l..15,
881 3047 915 3100 25
942 3048 970 3100 et
996 3045 1160 3099 Zsehimmer
1176 3060 1201 3113 p.
1221 3043 1255 3096 62

202 3133 235 3190 18
252 3133 324 3195 Haec
341 3148 446 3203 quoqne
463 3149 493 3189 ex
510 3133 631 3195 munt.
650 3133 698 3193 tl.
718 3133 731 3187 1
748 3133 773 3199 5,
788 3132 821 3191 24
838 3133 923 3187 citata
941 3135 1012 3198 sunt,
1032 3131 1077 3200 qui
1096 3147 1127 3186 ex
1144 3130 1198 3186 Cic.
1217 3131 1249 3185 de
1267 3134 1324 3188 nat.

202 3219 227 3275 d.
246 3220 438 3289 assumpsisse
456 3235 483 3274 se
500 3221 624 3284 testatur,
642 3219 688 3273 ubi
706 3221 797 3274 tamen
815 3235 868 3273 non
886 3220 1025 3288 legentum
1045 3219 1078 3273 cf.
1094 3217 1258 3272 Zsclnimmer
1275 3218 1294 3272 l.
1306 3217 1329 3271 l.

202 3309 229 3361 et
247 3306 280 3360 ad
298 3307 343 3362 111
362 3307 457 3362 linit.
476 3305 537 3360 adn.
556 3307 614 3360 crit.

255 3523 485 3592 lpotueruntaaa
499 3521 597 3576 rectius
615 3525 656 3576 A·
734 3521 884 3575 2aimilem
897 3541 937 3573 *aa
950 3519 1020 3589 quod
1037 3519 1108 3573 sicut
1126 3519 1153 3573 A
1240 3518 1328 3587 4gu·

201 3608 306 3662 bennae*
324 3624 400 3662 suam
423 3607 487 3662 dens
509 3609 537 3662 A
640 3608 656 3661 6
680 3623 741 3661 sare
760 3609 828 3662 uim
845 3608 920 3661 totus
938 3607 974 3659 sit
996 3605 1024 3658 A
1128 3604 1144 3658 7
1167 3604 1268 3659 scilicet
1286 3625 1328 3656 m

201 3709 288 3747 nerum
311 3694 339 3748 A
441 3694 590 3749 duisionis
607 3716 647 3748 m
664 3709 713 3748 nec
730 3693 834 3762 indulg.
858 3693 885 3746 A
989 3691 1023 3745 10
1040 3691 1149 3760 pietatis
1167 3691 1252 3745 anim
1273 3690 1326 3743 ori·

201 3780 270 3833 tatis
296 3780 408 3847 exempl.
433 3780 461 3834 A
564 3781 595 3835 11
622 3781 751 3850 mysticae
767 3779 921 3834 Pithoeus.-
948 3777 1067 3832 fabulose
1094 3777 1194 3831 ebriose
1220 3773 1328 3830 smitice

201 3865 306 3920 mistice
317 3866 345 3918 B
359 3866 415 3933 (απ
426 3865 562 3920 fabulosae
574 3859 774 3921 endendae?
788 3864 929 3929 Helorion)
943 3896 945 3901 ·
1015 3878 1067 3931 quo
1081 3879 1108 3916 se
1120 3883 1159 3915 aa*
1172 3876 1263 3916 omnes
1275 3862 1328 3912 ter·

201 3967 297 4021 resque
314 3953 341 4006 A
424 3953 457 4006 14
473 3951 757 4020 unoquemquitqui
775 3950 808 4004 A
883 3950 915 4004 16
931 3949 1058 4004 solutae*
1071 3951 1213 4018 segregata
1230 3945 1258 3999 A

203 4038 234 4092 17
259 4038 468 4108 congregatione
490 4037 518 4091 A
547 4038 714 4092 concrecione
735 4037 763 4091 B
868 4037 901 4091 18
922 4050 1115 4090 monensssuo
1139 4032 1208 4087 nihil
1230 4029 1258 4083 A

202 4127 244 4178 est
262 4125 302 4179 Ar
327 4125 403 4192 e(=
414 4125 465 4190 est)
484 4125 627 4178 nonenim
646 4122 944 4192 (otwodflatmtam)
964 4122 992 4176 B
1082 4121 1116 4175 20
1133 4115 1328 4172 nulliaoboa

201 4211 277 4266 diens
294 4212 322 4265 A
426 4210 457 4265 21
477 4226 525 4265 nos
536 4233 563 4264 a*
575 4209 707 4266 entissimi
724 4211 752 4264 A
854 4210 888 4265 23
905 4210 984 4279 negle
994 4232 1008 4261 a
1025 4209 1162 4263 credamus
1180 4205 1207 4258 A
