3076 4764
307 275 369 340 258
796 269 951 322 Saluiani

306 461 418 526 stris:
451 480 524 526 uon
554 477 689 542 peram
711 461 749 523 in
772 461 838 524 uia
859 477 981 541 neque
1013 459 1105 523 duas
1128 459 1289 524 tuuioas
1312 478 1434 541 neque

254 565 568 633 localeiementa
590 582 713 646 neque
737 564 903 646 uirgam.
935 563 1038 627 uidete
1055 562 1231 645 quantasit
1254 563 1285 627 in
1301 564 1433 646 utroque

305 668 362 733 hoe
384 666 435 732 dei
457 685 597 732 sermone
620 668 792 732 diuersitas.
823 665 907 731 laioo
930 666 1008 731 dixit
1030 665 1065 730 si
1088 666 1167 743 uis,
1191 668 1314 731 uende
1336 684 1434 749 quae

304 769 503 853 possides,
538 770 683 835 ministro
718 770 824 834 autem
858 769 947 835 uolo
981 770 1192 850 possideas.
1231 770 1284 833 sed
1313 770 1345 834 et
1376 770 1435 834 hoe

304 893 414 956 parum
445 873 645 949 existimauit,
679 876 715 937 ut
745 874 971 955 possessionem
999 872 1027 937 ei
1049 873 1243 937 substantiae
1273 872 1470 955 ampliorise

305 977 450 1055 auferret,
474 976 536 1040 nisi
559 977 654 1043 etiam
677 996 783 1060 peram
805 977 907 1060 ipsam
930 980 1037 1042 aeturo
1060 976 1121 1041 iter
1144 978 1272 1061 longum
1295 976 1434 1060 apostolo

305 1081 485 1145 sustulisset
514 1082 546 1145 et
576 1081 669 1145 unius
699 1100 770 1145 eum
800 1079 925 1145 tuuioae
948 1077 1169 1163 singularitate
1192 1080 1367 1145 multasset.
1404 1084 1435 1144 et

305 1184 379 1266 quid
402 1185 535 1265 posteat
564 1202 620 1248 nee
642 1184 700 1248 hoo
723 1185 801 1249 satis
824 1184 882 1251 est.
920 1182 1013 1247 nudis
1036 1201 1156 1266 quoque
1178 1183 1305 1266 iusuper
1328 1202 1435 1249 seruos

304 1306 374 1351 suos
408 1287 542 1353 lustrare
576 1288 707 1369 pedibus
741 1288 847 1352 orbem
881 1290 1037 1351 terrarum
1065 1287 1154 1351 iubet
1176 1290 1208 1351 et
1231 1286 1435 1351 ealeiameuta

252 1394 292 1460 41
304 1390 421 1472 plantis
444 1391 518 1471 gelu
540 1391 715 1475 rigentibus
737 1391 823 1456 tulit.
855 1392 928 1473 quid
944 1391 1006 1455 diei
1022 1390 1157 1473 amplius
1171 1392 1299 1473 potesta
1321 1393 1432 1472 pedum
1444 1414 1470 1452 ro

304 1493 342 1557 de
366 1494 496 1576 apostoli
518 1513 615 1560 manu
636 1494 741 1578 rapuit
764 1499 795 1559 et
818 1495 1057 1577 peragrantibus
1072 1494 1258 1559 uniuersum
1280 1494 1434 1558 mundum

304 1596 457 1662 ministris
480 1597 546 1662 suis
569 1616 662 1662 nsum
684 1598 776 1662 unius
800 1597 941 1680 uirgulae
964 1615 1026 1662 non
1047 1596 1185 1680 reliquit.
1218 1617 1235 1662 e
1270 1598 1433 1679 posthaec

304 1719 414 1782 parurn
438 1704 486 1763 est
508 1700 735 1765 suecessoribus
752 1718 869 1778 eorum,
893 1700 926 1763 id
949 1704 997 1765 est
1019 1700 1125 1766 leuitis
1149 1719 1186 1766 ao
1209 1700 1432 1784 sacerdotibus,

304 1803 394 1866 tanta
428 1802 604 1868 diuinarum
636 1822 740 1867 rerum
773 1802 1044 1868 administratione
1078 1805 1290 1887 fungentibus,
1324 1806 1350 1869 si
1372 1805 1434 1888 ipsi

303 1907 429 1971 tantum
453 1907 565 1971 diuites
588 1906 714 1986 fuerint,
738 1907 797 1971 nisi
815 1908 911 1972 etiam
929 1908 1056 1971 heredes
1072 1908 1186 1972 diuites
1203 1908 1432 1991 derelinquant.
1443 1933 1470 1974 15

212 2074 214 2076 ,
305 2008 531 2087 erubescamus,
566 2029 688 2093 quaeso,
724 2011 784 2075 hae
818 2010 1015 2075 infidelitate.
1062 2010 1200 2076 suffieiat
1235 2011 1322 2077 nobis
1352 2010 1434 2093 quod

303 2113 447 2178 uidemur
469 2132 567 2195 usque
589 2116 628 2179 ad
651 2113 735 2178 uitae
757 2114 910 2179 terminos
933 2115 1025 2178 deum
1049 2133 1209 2195 spernere:
1234 2133 1290 2178 eur
1312 2114 1344 2178 id
1367 2114 1435 2196 agi·

304 2235 384 2294 mus,
407 2219 443 2280 ut
466 2218 680 2300 eontemptum
709 2218 806 2299 ipsius
836 2217 933 2282 etiam
955 2220 1025 2300 post
1048 2220 1182 2282 mortem
1205 2218 1434 2282 extendamus?

252 2322 295 2388 42
303 2319 437 2384 diximus
460 2323 498 2386 de
520 2321 658 2402 personis
690 2325 784 2403 atque
813 2321 924 2386 officiis
948 2321 1144 2403 singulorum
1175 2326 1206 2385 et
1228 2322 1307 2386 haee
1329 2321 1435 2385 omnia

304 2423 381 2504 ideo,
405 2424 486 2505 quia,
516 2426 554 2488 ut
576 2442 671 2507 supra
693 2414 838 2503 diximus,
869 2424 995 2506 quidam
1018 2425 1203 2508 religionem
1225 2424 1357 2506 professi
1380 2424 1471 2489 autre

303 2546 365 2591 non
398 2527 510 2592 debere
543 2546 575 2591 se
609 2529 691 2592 sieut
726 2527 844 2594 eeteros
881 2527 1058 2592 mundiales
1096 2527 1307 2592 substantiam
1344 2546 1434 2592 suam

303 2630 428 2695 domiuo
451 2634 506 2695 aut
529 2634 611 2695 oerte
633 2630 737 2695 minus
761 2633 872 2696 debere
895 2630 1133 2709 arbitrarentur,
1157 2649 1228 2695 oum
1246 2632 1354 2713 utique
1377 2631 1434 2696 hoo

303 2734 404 2815 magis
437 2733 580 2818 debeant,
611 2734 684 2816 quia
713 2752 834 2813 seruus,
865 2733 919 2817 qui
946 2735 1004 2798 seit
1026 2734 1222 2798 uoluntatem
1244 2734 1362 2799 domini
1385 2736 1434 2798 sui

305 2838 335 2899 et
357 2853 420 2900 non
448 2837 525 2901 faoit
555 2855 632 2915 eam,
662 2836 790 2919 uapulet
812 2836 931 2916 multis,
962 2839 1016 2920 qui
1038 2842 1144 2903 autem
1167 2839 1276 2916 nesbit,
1305 2838 1434 2919 uapulet

253 2940 420 3020 43paueis.
459 2940 568 3022 religio
591 2944 695 3004 autem
717 2941 848 3005 seientia
871 2946 919 3005 est
942 2942 1001 3020 dei,
1026 2959 1063 3006 ae
1085 2960 1140 3023 per
1162 2941 1221 3005 boe
1237 2941 1337 3005 omnis
1359 2941 1470 3012 reli-25

305 3040 410 3124 giosus
434 3042 491 3106 boo
513 3043 589 3125 ipso,
620 3043 701 3124 quod
724 3043 907 3127 religionem
929 3044 1080 3126 sequitur,
1112 3044 1162 3108 dei
1184 3062 1216 3108 se
1238 3045 1435 3109 uoluntatem

305 3163 394 3209 nosse
416 3147 561 3210 testatur.
595 3146 744 3230 professio
770 3149 876 3230 itaque
898 3148 1059 3232 religionis
1081 3166 1142 3212 nou
1165 3147 1267 3212 aufert
1290 3147 1435 3212 debitum

408 3332 441 3386 23
459 3331 523 3386 Lue.
543 3333 584 3399 12,
602 3333 635 3388 47

357 3523 370 3574 1
390 3521 498 3574 tuuioas
515 3521 640 3576 habeatis
658 3523 699 3577 ed.
712 3522 849 3577 Battiadas
946 3525 963 3577 5
982 3524 1023 3592 ut]
1043 3524 1070 3576 et
1087 3523 1115 3576 Β
1134 3523 1157 3576 ri
1176 3523 1216 3577 ed.
1230 3523 1366 3578 Baleares

306 3606 320 3658 7
348 3607 435 3660 multa
462 3608 494 3660 tn
520 3609 569 3675 fta.
595 3608 644 3662 lto.
673 3607 736 3661 odd.
755 3613 826 3663 oa2
852 3611 907 3662 sset
930 3624 999 3677 qaae
1017 3609 1126 3662 eaedem
1144 3609 1196 3662 titt.
1215 3610 1296 3662 aaron
1313 3625 1366 3678 seq.
1384 3611 1435 3664 lta.

304 3707 399 3746 ausae
415 3697 482 3746 saort
497 3695 525 3745 A
552 3693 680 3746 multaaet
697 3694 725 3747 Β
744 3693 840 3759 (multo
856 3693 904 3746 fiet
921 3694 947 3760 b)
1036 3693 1069 3748 10
1086 3694 1303 3762 gelueagentibus
1322 3694 1386 3749 odd.
1404 3697 1436 3748 in

303 3794 359 3833 ras.
378 3779 456 3833 alm.
474 3781 495 3834 2
511 3780 539 3833 A
635 3796 723 3848 poem
742 3796 813 3835 eras.
831 3780 889 3833 lum
906 3780 955 3835 sed
971 3782 1012 3834 tta
1029 3786 1062 3834 at
1079 3797 1137 3836 noa
1150 3796 1267 3849 prorsas
1286 3782 1436 3835 eaoooera'e

304 3871 331 3920 et
347 3881 368 3919 s.
386 3881 438 3921 eor.
456 3882 490 3919 m.
509 3868 529 3920 2
556 3867 635 3920 onnia
658 3866 685 3919 A
712 3866 808 3936 pedum
827 3872 924 3935 pwaet.
950 3872 975 3921 et
997 3868 1030 3921 tu
1052 3883 1104 3936 naq.
1128 3866 1192 3922 odd.
1211 3883 1245 3920 m.
1264 3883 1318 3921 ree.
1345 3883 1435 3934 peram

304 3951 333 4004 B
359 3967 449 4018 peram
472 3950 512 4004 ed.
537 3951 672 4006 Botaae'as
697 3952 804 4020 (pedum
826 3952 851 4015 b)
957 3953 990 4006 12
1017 3953 1148 4020 relinquit
1171 3958 1268 4021 puroet.
1292 3969 1309 4004 n
1337 3953 1365 4006 Β

305 4037 339 4092 15
356 4037 509 4106 relinquant
526 4037 569 4091 ad.
589 4038 729 4093 Bolaatae
834 4038 865 4092 16
888 4038 957 4092 hane
975 4038 1166 4092 infidelitatem
1186 4039 1212 4092 Β
1315 4039 1350 4091 20
1373 4038 1435 4092 reli-

305 4122 393 4190 gioni·
420 4123 537 4192 professe
565 4124 591 4177 Β
729 4123 763 4177 22
794 4123 962 4178 arbitrantur
991 4125 1032 4178 ad.
1059 4125 1197 4178 Bolaaa‘oe
1225 4129 1306 4187 (certe
1332 4124 1365 4178 tn
1392 4123 1434 4177 act.

304 4212 415 4277 quarta)
519 4209 553 4262 25
570 4210 657 4262 omnis
676 4225 709 4263 aa
726 4226 817 4264 omnes
835 4226 904 4265 eoru.
922 4214 985 4266 m.2
1002 4211 1031 4264 B
1135 4211 1168 4262 26
1186 4225 1213 4262 se
1231 4225 1281 4263 om.
1298 4210 1325 4263 Β
