3076 4764
542 287 580 341 ad
599 287 778 341 eeclesiam
802 287 832 342 II
853 291 868 352 ξ
886 287 997 342 33-39.
1272 286 1334 354 251

250 477 354 543 VIIII.
387 477 535 560 Superest
554 478 591 542 de
605 476 761 540 ministris
777 477 810 541 ct
826 475 1039 542 sacerdotibus
1056 476 1205 558 quiddam
1221 478 1333 557 dicere,
1343 478 1384 545 31

206 582 281 646 lieet
312 580 464 662 superflue
493 579 571 643 forte
601 580 708 662 aliqua
736 580 887 645 dicantur.
923 581 1072 663 quidquid
1095 581 1180 644 enim
1202 583 1240 646 de
1262 580 1333 646 aliis

207 684 352 749 omnibus
374 684 493 749 dictum
517 686 573 758 est,
598 683 698 766 magis
721 683 835 765 absque
860 683 952 748 dnbio
975 683 1014 747 ad
1039 700 1089 747 eos
1112 683 1256 767 pertinet,
1280 685 1334 768 qui

207 787 346 868 exemplo
377 805 443 851 esse
473 787 614 851 omnibus
646 786 758 851 debent
781 790 813 849 ct
834 803 910 867 quos
933 785 1041 869 utique
1068 789 1157 851 tanto
1181 787 1333 852 antistare

184 890 317 955 coeteris
346 890 467 972 oportet
496 889 659 954 deuotione
681 891 798 972 quanto
821 889 976 954 antistant
999 891 1143 955 omnibns
1167 888 1332 972 dignitate.

206 995 280 1076 quid
310 996 356 1059 est
385 994 469 1057 enim
496 993 582 1058 alind
612 992 808 1075 principatus
837 994 902 1056 sine
932 994 1116 1058 meritorum
1139 993 1333 1058 sublimitate

207 1098 267 1161 nisi
289 1098 412 1163 honoris
435 1096 548 1161 titulus
572 1095 639 1159 sine
662 1097 795 1175 nomine,
821 1100 876 1160 aut
900 1095 974 1178 quid
999 1098 1046 1160 est
1069 1096 1206 1179 dignitas
1229 1098 1262 1161 in
1283 1097 1333 1161 in-

206 1202 300 1282 dIgno
330 1200 391 1264 nisi
421 1200 636 1264 ornamentum
666 1200 700 1263 in
730 1199 820 1264 luto?
857 1199 889 1262 et
915 1200 983 1265 ideo
1006 1203 1143 1277 cunctos,
1179 1201 1232 1283 qui
1254 1201 1334 1265 sacri

207 1303 315 1368 altaris
350 1306 501 1385 suggestu
534 1301 687 1381 eminent,
724 1302 848 1365 tantum
883 1301 1034 1366 excellere
1068 1302 1189 1384 oportet
1223 1304 1333 1369 merito

172 1431 198 1468 ιο
207 1410 358 1488 quantum
380 1405 489 1487 gradu.
526 1404 554 1468 si
578 1404 661 1468 enim
685 1403 763 1467 uiris
786 1405 820 1466 in
843 1402 933 1485 plebe
955 1404 1066 1484 positis
1089 1409 1121 1469 et
1143 1404 1334 1472 mulierculis
1344 1407 1386 1473 38

207 1510 273 1590 ipso
296 1527 370 1572 sexu
392 1507 611 1574 infirmioribus
639 1508 735 1573 talem
759 1525 795 1572 ac
821 1510 888 1572 tam
910 1508 1084 1590 perfectam
1107 1511 1182 1574 deus
1206 1511 1335 1575 uiuendi

207 1613 347 1695 regulam
377 1612 471 1690 dedit,
500 1614 617 1695 quanto
645 1613 753 1694 utane
780 1628 847 1676 esse
874 1611 945 1676 illos
974 1612 1174 1695 perfectiores
1198 1614 1294 1689 iubet,
1317 1631 1336 1678 a

208 1715 319 1797 quibus
350 1733 455 1780 omnes
478 1716 607 1780 docendi
630 1720 713 1791 sunt,
746 1718 782 1778 ut
804 1715 924 1796 possint
947 1733 1015 1778 esse
1038 1715 1180 1797 perfecti,
1203 1718 1236 1781 et
1259 1735 1335 1799 quos

208 1822 275 1883 tam
304 1819 411 1901 magni
439 1837 506 1882 esse
535 1819 669 1901 exempli
697 1819 730 1882 in
752 1817 896 1884 omnibus
921 1818 996 1882 deus
1020 1818 1132 1897 uoluit,
1160 1820 1197 1884 ut
1220 1837 1271 1885 eos
1294 1820 1334 1884 ad

173 1945 199 1985 rs
208 1924 397 2005 singularem
430 1921 557 1987 uiuendi
591 1939 731 1987 normam
767 1939 828 1986 non
863 1938 961 1984 nouae
994 1921 1121 1985 tantum
1153 1922 1207 1986 sed
1239 1922 1334 1988 etiam

208 2027 353 2107 antiquae
384 2024 462 2106 legis
491 2025 658 2089 seueritate
687 2023 938 2106 constringeret?
972 2042 1046 2089 nam
1075 2025 1150 2089 licet
1173 2025 1334 2090 decretum

208 2131 299 2191 uetus
321 2128 444 2209 largam
466 2129 585 2191 cunetis
608 2127 858 2209 ampliandarum
880 2144 974 2209 opum
992 2127 1115 2192 dederit
1138 2129 1334 2207 facultatem,

208 2248 313 2296 ornnes
350 2234 455 2295 tamen
492 2229 603 2293 lenitas
640 2231 671 2293 et
708 2228 881 2294 sacerdotes
919 2231 1005 2293 intra
1043 2233 1162 2295 certum
1199 2231 1334 2296 habendi

207 2333 344 2398 limitem
368 2331 532 2408 coartauit‚
564 2349 639 2413 quos
663 2331 786 2396 scilicet
807 2351 905 2414 neque
928 2333 1066 2416 segetem
1089 2351 1186 2414 neque
1210 2333 1335 2400 uincam

172 2457 199 2497 1ο
207 2455 306 2518 neque
340 2436 442 2501 ullum
474 2437 600 2499 omnino
634 2434 766 2499 fundum
800 2435 914 2500 habere
947 2436 1099 2517 permisti.
1139 2455 1175 2500 ex
1201 2455 1261 2519 quo
1283 2438 1333 2501 in·
1345 2445 1388 2512 39

208 2540 316 2623 tellegi
346 2542 458 2620 potest,
491 2556 531 2601 an
553 2555 589 2600 ea
611 2555 693 2602 nunc
716 2538 789 2602 deus
811 2539 917 2602 noster
940 2538 1018 2602 uelit
1041 2537 1075 2602 111
1098 2540 1261 2621 euangelio
1283 2540 1333 2604 ui-

207 2646 315 2708 uentes
339 2642 468 2707 elericos
491 2657 562 2704 suos
585 2640 751 2706 mundanis
772 2644 842 2722 post
864 2660 898 2705 se
922 2641 1087 2707 heredibus
1109 2641 1333 2724 derelinquere,

208 2763 287 2827 quae
311 2745 413 2810 adhuc
441 2745 473 2808 in
496 2745 565 2828 lege
586 2744 703 2825 positos
725 2762 765 2807 ne
786 2745 869 2827 ipsos
892 2744 1020 2826 quidem
1042 2743 1144 2809 uoluit
1167 2747 1334 2826 possidere.

209 2851 288 2913 unde
319 2850 367 2914 est
397 2849 478 2931 quod
506 2847 551 2911 eis
581 2849 718 2912 saluator
748 2846 816 2928 ipse
842 2848 874 2911 in
896 2847 1058 2929 euangelio
1080 2867 1141 2913 non
1164 2851 1200 2912 ut
1223 2849 1333 2914 ceteris

172 2976 200 3016 aa
208 2951 422 3016 uoluntarium
456 2953 510 3016 sed
546 2952 769 3033 imperatinum
803 2951 941 3016 officium
979 2951 1178 3032 perfectionis
1212 2951 1332 3017 indicit.

210 3055 283 3137 quid
306 3056 390 3119 enim
414 3074 485 3120 enm
506 3054 586 3121 laico
609 3055 657 3120 illi
679 3054 871 3118 adulescenti
893 3054 1008 3118 dixisse
1030 3054 1190 3136 legImus?
1219 3056 1252 3120 si
1275 3055 1336 3120 uis

208 3175 292 3224 esse
315 3158 533 3241 perfectus,
557 3158 683 3223 nonde
705 3176 800 3240 quae
823 3157 939 3222 habes
963 3157 1060 3223 atda
1083 3158 1335 3240 pauperibus:

209 3263 282 3343 qnid
306 3264 411 3325 autem
433 3261 587 3326 ministris
611 3261 700 3325 suis?
731 3261 878 3339 nolite,
902 3261 1019 3342 inquit,
1043 3260 1249 3342 possidere
1271 3280 1335 3325 au·

207 3383 289 3428 rum
319 3383 439 3445 neque
470 3368 681 3447 argentum
703 3383 825 3446 neque
847 3366 1059 3445 pecuniam
1081 3363 1120 3428 in
1142 3363 1249 3428 zonis
1273 3383 1335 3428 ne-

310 3545 343 3598 ae
362 3544 461 3601 111111.
480 3546 520 3613 19,
539 3546 572 3599 11
675 3547 710 3600 ns
728 3545 826 3600 nacon
845 3547 887 3615 ro,
906 3546 923 3600 9

257 3710 275 3762 4
302 3712 365 3763 ante
392 3712 464 3763 stare
489 3710 545 3763 AB
571 3709 619 3764 aad
643 3710 738 3765 statim
765 3711 900 3764 antistant
924 3713 952 3763 A
981 3713 1121 3765 antestant
1143 3727 1177 3765 cu
1200 3711 1336 3764 antistant

207 3810 275 3848 corr.
293 3798 361 3848 m.2
378 3795 405 3848 B
493 3797 510 3849 5
524 3801 588 3862 post
606 3795 741 3863 dignitate
758 3795 823 3850 odd.
839 3813 860 3864 p
878 3802 904 3850 ct
923 3796 982 3849 edd.
1001 3802 1067 3851 oute
1085 3797 1241 3851 Halmium:
1265 3797 1335 3850 nihil

207 3884 249 3934 eat
272 3881 343 3934 enim
365 3882 472 3949 turpius
496 3896 575 3948 quarn
600 3880 772 3935 excellentem
794 3898 850 3935 esse
869 3881 1019 3949 quemlibet
1036 3883 1154 3936 culmine
1172 3885 1199 3935 et
1217 3883 1336 3950 despica-

207 3966 288 4021 bilem
312 3968 420 4021 nilitate
524 3967 539 4019 7
565 3966 671 4020 nomine
694 3968 794 4035 scripsi
815 3984 876 4022 cum
898 3966 1043 4021 Horiciio:
1070 3967 1177 4022 homine
1200 3970 1335 4023 ABHui·

207 4054 279 4106 ouius
379 4054 410 4107 11
429 4053 487 4120 ipso
505 4053 577 4121 sexu]
590 4049 654 4120 ipsa
671 4052 743 4107 faece
761 4058 834 4119 (cum
851 4053 877 4116 b)
896 4051 937 4105 ed.
956 4051 1094 4107 Betucius
1192 4055 1224 4109 21
1244 4058 1336 4109 noster

203 4155 237 4207 p:
266 4154 318 4192 non
343 4140 371 4192 A
396 4154 450 4191 non
473 4143 640 4206 eupuoioium
663 4140 691 4193 B
715 4139 834 4205 (omuiuo
851 4138 971 4192 decutio
989 4140 1015 4205 b)
1120 4140 1154 4193 26
1176 4141 1336 4195 aduliscenti

207 4224 235 4277 A
337 4226 371 4278 27
389 4225 470 4278 habes
489 4241 521 4279 eu
538 4224 616 4278 hahis
634 4241 705 4280 corr.
723 4242 758 4278 ui.
777 4228 797 4279 2
815 4225 842 4278 A
945 4226 979 4279 28
997 4225 1092 4294 inquid
1111 4227 1137 4280 B

263 4327 341 4381 VIII.
1200 4331 1232 4386 17
