3076 4764
614 244 783 313 epistolae
806 244 852 298 vr.
871 244 933 298 vn.
1272 245 1337 312 215

210 456 302 518 supra
335 435 483 509 diximus,
517 433 631 498 delatio
666 433 763 498 officii
797 433 904 517 fugere
938 433 1095 507 honorem,
1131 431 1335 496 dissimulatio

211 540 356 604 affectare
379 537 532 601 uideatur.
567 553 700 616 congrue
723 539 842 619 ergoet
865 535 975 600 multia
991 536 1091 599 modis
1107 533 1366 600 rationabiliterss

212 647 315 708 actum
339 641 395 716 cst,
419 644 456 705 ut
479 657 535 721 ego
557 639 595 702 ad
618 657 672 703 uos
694 640 779 721 prius
796 641 970 703 scriberem.
1004 639 1150 720 primum,
1174 642 1246 719 quia
1267 642 1335 702 tur·

210 747 291 830 piter
314 748 352 809 ad
374 744 519 809 honorem
541 742 678 807 ambisse
706 742 830 807 uiderer
852 742 995 807 inferior:
1025 741 1142 822 deinde,
1176 742 1256 823 quod
1279 759 1335 806 uos

188 850 249 913 sab
278 848 362 912 omni
395 845 607 911 huiuscemodi
642 844 795 926 opinionis
827 848 901 910 nota
928 845 974 925 ita
1003 864 1124 909 morum
1159 844 1335 909 uestrorum

210 951 343 1034 dignitas
376 949 526 1032 uindicat,
560 952 595 1011 ut
613 967 719 1030 ,paene
753 947 899 1029 quioquid
922 968 939 1012 a
962 948 1049 1013 uobis
1078 947 1123 1021 fit,
1158 947 1239 1011 nihil
1272 966 1334 1012 non

209 1057 292 1119 recte
315 1053 432 1119 fectum
456 1070 522 1117 esse
545 1052 702 1117 credatur:
732 1053 898 1133 postremo,
923 1054 1013 1133 quod,
1036 1050 1157 1116 etiamsi
1179 1051 1236 1115 hoc
1260 1050 1364 1115 con-4

210 1157 279 1221 silio
302 1175 355 1222 uos
378 1158 416 1221 ad
440 1176 490 1220 me
514 1174 575 1220 non
598 1154 811 1237 scripsissetis,
835 1155 869 1218 ut
885 1172 940 1237 ego
963 1158 1106 1235 peccator
1123 1155 1154 1218 et
1168 1153 1333 1219 inbooillns

209 1261 295 1341 prins
318 1260 468 1324 deferrem
491 1258 593 1324 officia
615 1276 709 1340 quam
734 1277 899 1338 sumerem,
930 1257 981 1340 pio
1003 1258 1103 1341 magis
1126 1258 1159 1321 id
1182 1276 1236 1322 uos
1259 1274 1332 1323 con-

175 1383 200 1423 ιο
209 1363 279 1428 silio
313 1363 421 1428 fecisse
449 1361 690 1426 existimandum
718 1363 786 1425 oret
815 1380 908 1442 quam
938 1362 1111 1444 adroganti.
1149 1379 1220 1424 curn
1249 1360 1333 1424 onim

208 1468 306 1531 totins
328 1467 426 1531 ferme
448 1464 638 1530 humilitatis
662 1468 693 1528 et
716 1481 808 1545 prope
831 1465 970 1528 omnium
999 1463 1172 1529 officiorum
1195 1464 1333 1545 palmam

209 1569 329 1653 indepti
352 1569 432 1648 sitis,
455 1587 516 1634 non
532 1572 595 1633 tam
613 1567 696 1632 credi
711 1569 833 1649 poteret
848 1584 903 1631 uos
921 1567 1019 1632 emico
1035 1567 1171 1631 uoluisse
1185 1567 1333 1631 honorem

208 1691 321 1754 negare
344 1691 438 1754 quam
460 1691 537 1737 onus
555 1671 691 1735 noluisse
712 1672 869 1751 inponere.
902 1670 1046 1752 quamuis
1063 1670 1145 1735 enim
1167 1669 1362 1734 honestum5

209 1776 240 1839 ot
261 1774 442 1858 religiosum
466 1775 602 1839 studium
626 1775 666 1838 sit
689 1790 913 1855 praeoccupare
938 1773 1120 1838 hnmilitate
1143 1775 1174 1837 ot
1196 1774 1330 1848 uincere,

174 1882 313 1942 :stamen
336 1879 458 1959 quando
480 1877 561 1941 inter
583 1876 673 1957 tales,
698 1876 734 1939 ut
756 1894 811 1940 nos
833 1894 950 1958 sumus,
973 1875 1069 1941 idest
1091 1877 1172 1941 inter
1194 1894 1332 1941 summos

209 1982 301 2062 atque
323 1981 477 2057 infimum,
499 1977 712 2044 huiuscemodi
735 1979 896 2061 nogotium
912 1983 970 2060 est,
995 1980 1228 2044 abundantioris
1252 1980 1331 2043 eari-

207 2083 283 2148 tatis
305 2102 370 2146 rem
392 2083 492 2147 maior
514 2082 602 2160 facit,
626 2081 653 2145 si
676 2081 788 2146 minori
805 2082 896 2146 cedat
911 2082 1021 2146 officio.
1045 2081 1129 2158 haec,
1152 2083 1197 2145 mi
1213 2083 1332 2146 domini

207 2186 407 2269 uenerabiles,
429 2186 517 2249 iuxta
532 2185 763 2267 opiniunculam
786 2203 891 2249 meam
913 2204 972 2250 non
994 2189 1061 2249 tem
1082 2185 1332 2266 praesumptione

207 2289 354 2354 scientiae
383 2308 476 2370 quam
504 2289 620 2352 honore
647 2287 841 2351 reuerentiae
869 2290 992 2351 uestrae
1022 2288 1185 2352 scribenda
1213 2287 1252 2351 ad
1275 2306 1330 2352 nos

173 2392 324 2474 oputaui.
362 2392 389 2454 si
416 2391 500 2455 alind
529 2409 584 2455 nos
613 2392 727 2454 sentiro
755 2390 970 2466 ostenderitis,
1001 2408 1056 2470 ego
1083 2409 1212 2454 manum
1234 2393 1272 2455 ad
1295 2389 1360 2456 osd

207 2513 311 2559 meum
335 2512 447 2574 ponam
470 2495 502 2557 et
517 2493 603 2558 iuxta
618 2494 793 2576 exemplum
814 2492 914 2557 saneti
936 2493 1001 2570 lob,
1025 2493 1078 2574 qui
1100 2497 1169 2574 post
1191 2494 1330 2559 diuinam

207 2616 314 2662 uocem
337 2597 370 2661 in
393 2598 621 2679 comparatione
644 2594 798 2679 loquentis
821 2595 872 2661 dei
893 2614 1025 2677 paruum
1047 2615 1079 2661 se
1095 2597 1126 2659 et
1148 2595 1330 2661 inbecillum

207 2718 273 2764 esso
300 2701 454 2782 cognouit,
484 2702 601 2765 terram
630 2718 690 2777 me,
720 2699 757 2763 nt
783 2717 861 2782 sum,
892 2700 1064 2780 squalidam
1088 2706 1120 2764 et
1141 2700 1330 2784 insincerum

207 2804 340 2867 cinerem
375 2802 517 2867 indicabo
550 2803 727 2882 dicamque:
762 2801 841 2865 illud
877 2801 981 2865 ‘semel
1010 2803 1131 2867 locutus
1159 2803 1236 2868 sum’
1267 2822 1329 2868 non

172 2905 348 2970 loadiciam.
387 2924 442 2970 neo
469 2905 629 2969 inmerito:
660 2905 795 2968 incidere
824 2904 961 2968 enimin
985 2905 1080 2971 salsae
1104 2906 1257 2989 opinionis
1281 2926 1328 2971 or·

206 3026 315 3086 rorem,
344 3010 524 3091 priusquam
553 3027 627 3072 nera
656 3023 831 3087 cognosces,
859 3006 986 3090 inperiti
1010 3009 1106 3073 animi
1130 3011 1176 3074 est
1198 3013 1229 3074 et
1253 3008 1330 3074 sim·

205 3099 303 3193 plicis,
327 3129 523 3191 perseuerare
543 3127 616 3173 uero
633 3109 666 3173 in
682 3129 726 3188 eo,
749 3110 913 3190 postquam
930 3112 1104 3192 egumeno,
1128 3114 1329 3178 contumacis.

206 3212 317 3277 ualete.

308 3443 340 3495 25
359 3442 416 3497 Iob.
434 3444 477 3506 39,
495 3442 529 3496 35

256 3656 272 3709 6
290 3655 322 3708 fit
341 3657 483 3710 Pithoeus:
507 3657 544 3710 sit
562 3657 584 3712 0
685 3660 703 3713 8
721 3658 876 3712 scribsisltis
898 3659 957 3724 (sict
977 3659 999 3713 0
1095 3658 1230 3714 inbicillus
1248 3665 1280 3715 ut
1296 3659 1329 3713 io

203 3740 250 3806 fin.
280 3743 356 3810 epist.
382 3741 535 3796 inbicillum
566 3744 588 3797 Ο
691 3745 723 3797 13
750 3744 834 3797 honus
861 3744 908 3798 eod
931 3744 950 3796 h
977 3761 1011 3799 ece
1033 3751 1117 3813 porte
1144 3761 1212 3801 aas.
1239 3746 1262 3801 O

204 3826 238 3880 18
264 3826 424 3880 uenerabilis
454 3828 477 3882 0
589 3830 621 3882 19
648 3829 742 3883 scienti
772 3831 795 3886 0
901 3829 934 3883 22
957 3831 987 3883 in
1011 3832 1206 3899 comparatione
1230 3832 1253 3887 O
1278 3849 1327 3887 cm.

203 3912 418 3979 Rittershooios3
437 3915 487 3981 cfr.
500 3913 564 3967 lod.
578 3914 634 3967 HI
641 3930 662 3968 e.
676 3932 704 3971 o.
722 3916 885 3984 comparatio
989 3915 1024 3969 24
1041 3917 1156 3971 cinerem
1178 3918 1201 3972 0
1216 3923 1243 3973 ct
1257 3920 1327 3973 coni.

203 3997 385 4052 FXHo'rnor
410 3999 428 4053 l.
455 4001 472 4054 l.
499 4015 526 4067 p.
551 4003 584 4053 14
613 4000 723 4054 cicerem
750 3999 810 4056 cdd.
935 4001 968 4054 at
996 4004 1157 4057 contumacis
1182 4004 1327 4058 Halmius:

204 4090 371 4139 contumaces
394 4086 623 4152 C(contnmeciee
641 4087 713 4156 edd.)
817 4089 851 4142 28
869 4089 964 4142 nalete.
982 4089 1045 4143 finit
1062 4090 1097 4154 03
1119 4091 1150 4144 in
1168 4107 1220 4160 quo
1238 4091 1328 4160 eequi-

203 4175 249 4223 twr
267 4171 343 4238 epist.
363 4170 444 4224 1111
460 4188 544 4240 usquc
562 4172 599 4225 ad
617 4172 701 4226 uerbo
718 4173 883 4242 supplicante
902 4173 978 4227 nobis
994 4179 1018 4239 ἕ.
1037 4178 1073 4230 17
