3076 4764
253 276 317 342 250
739 271 895 326 Saluiani
984 286 987 290 ’

203 464 244 529 16
253 466 325 529 ante
359 464 460 546 legem
494 463 578 527 enim
611 459 746 526 liberum
781 461 922 527 omnibus
957 461 1024 524 erat
1057 459 1109 523 uel
1146 458 1306 525 habendae
1332 461 1384 525 uel

253 569 349 633 etiam
382 566 606 631 consectandae
637 565 798 632 facultatis
828 563 1005 645 arbitrium,
1039 564 1112 645 quia
1141 561 1260 626 scilicet
1283 561 1385 628 adhuc

253 673 330 734 tunc
363 668 454 752 uirga
488 669 726 735 interdictorum
762 668 943 733 caelestium
972 685 1032 732 non
1060 665 1281 750 castigabatur.
1320 668 1386 732 'ubi

253 773 371 849 enim,
396 773 499 857 inquit
521 772 687 855 apostolus,
711 789 786 837 uon
809 770 967 849 est'l'ex,
991 788 1057 835 nec
1079 769 1384 850 praeuaricatio.

251 876 300 940 lex
324 895 396 960 ergo
420 876 495 940 fecit
519 876 637 958 aliquid
659 894 720 941 non
744 875 852 940 licere:
882 892 970 938 nam
1001 871 1382 954 concupiscentiam,
1406 893 1419 933 c

251 980 355 1060 inquit
376 980 543 1062 apostolus,
568 978 806 1054 nesciebam,
830 977 909 1042 nisi
931 979 992 1042 lex
1008 976 1178 1040 diceret:
1202 994 1276 1040 non
1300 995 1383 1041 con-

203 1082 444 1164 licupisces.
476 1087 508 1147 et
530 1084 598 1147 ideo
622 1101 704 1165 opes,
727 1101 804 1165 quas
828 1082 902 1147 ante
924 1081 1030 1162 legem
1046 1082 1120 1145 deus
1139 1096 1200 1144 non
1217 1080 1381 1162 reprehen-

254 1186 350 1262 derat,
387 1187 477 1252 homo
506 1187 617 1252 libore·
633 1186 820 1269 possidebat.
859 1186 893 1249 in
922 1185 993 1267 lege
1024 1181 1145 1267 quoque
1174 1184 1380 1249 nihilominus

252 1307 348 1371 prope
380 1291 464 1354 idem
496 1291 573 1355 iuris
605 1290 747 1354 omnibus
782 1287 986 1372 suppetebat,
1020 1287 1094 1371 quia
1127 1289 1176 1353 lex
1211 1289 1381 1363 hominem,

253 1389 420 1457 dummodo
440 1391 533 1470 iuste,
557 1392 669 1457 habere
691 1394 771 1473 quod
795 1389 893 1455 uellet
916 1389 1040 1472 penitus
1063 1409 1124 1456 non
1148 1391 1286 1455 uetabat.
1320 1392 1419 1455 iia-'10

253 1513 311 1578 que
333 1499 410 1559 tnnc
431 1514 537 1560 omnes
559 1495 685 1560 omuino
709 1492 811 1558 sancti
835 1493 958 1558 cunctis
982 1491 1187 1557 facultatibus
1206 1493 1271 1558 suis
1295 1492 1384 1557 iuxta

253 1598 459 1681 praescriptos
482 1599 559 1679 legis
581 1598 731 1663 terminos
746 1597 928 1675 utebantur,
952 1596 1222 1678 ambulantes,
1244 1601 1281 1660 ut
1304 1597 1381 1680 legi-

202 1737 205 1740 ,
254 1718 338 1782 mus,
368 1702 406 1765 in
434 1699 611 1764 omnibns
632 1700 832 1764 mandatis
855 1701 893 1764 et
923 1699 1296 1765 iustificationibus
1319 1701 1383 1763 dei

204 1802 339 1869 18sine
368 1803 538 1886 querela.
576 1803 623 1866 sic
644 1802 752 1884 utique
769 1802 828 1879 ,illi
851 1804 910 1884 ipsi
934 1801 1185 1883 ambulauerunt,
1209 1802 1383 1885 dequibus

253 1906 316 1970 ista
351 1908 573 1987 memorantur,
611 1905 694 1969 sicut
731 1905 897 1988 prophetes
929 1904 1021 1969 Anna
1056 1905 1089 1968 in
1126 1905 1251 1970 ieiuniis
1288 1907 1420 1987 atque'u

253 2007 446 2073 orationibus
474 2008 595 2087 uiuens,
624 2009 707 2073 sicut
729 2008 906 2073 Nathanoel
936 2009 1013 2085 illo,
1032 2026 1125 2090 quem
1147 2010 1291 2092 legimns,
1313 2009 1382 2074 ueri

195 2130 197 2132 ·
254 2111 439 2176 Israhelitae
467 2111 558 2176 lande
585 2111 732 2177 sublimis
756 2116 787 2176 et
809 2112 876 2192 ipso
899 2110 1023 2176 domino
1046 2129 1082 2175 ac
1105 2115 1161 2177 deo
1183 2115 1266 2177 teste
1289 2111 1383 2178 mira-

255 2213 339 2296 bilis,
369 2216 452 2279 siout
475 2215 579 2294 Tobis,
611 2214 872 2298 magnanimitate
903 2215 1078 2281 denotionis
1106 2219 1273 2298 praecepta
1301 2215 1381 2299 legis

256 2319 412 2399 excedens,
442 2319 613 2401 sepulturis
643 2319 807 2383 hominum
836 2323 1032 2384 mortuorum
1059 2319 1157 2383 etiam
1180 2337 1251 2384 cum
1273 2320 1383 2385 mortis

256 2420 396 2503 periculo
419 2421 577 2486 seruiebat
599 2423 632 2486 et
654 2422 867 2506 indigentibus
890 2440 991 2504 usque
1004 2423 1043 2487 ad
1065 2423 1271 2505 indigentiam
1293 2441 1420 2487 suamro

249 2525 421 2588 consulens
448 2525 481 2589 in
511 2527 636 2589 tantum
664 2525 823 2607 largitatis
852 2525 999 2589 affectum
1023 2525 1160 2603 uenerat,
1185 2529 1222 2588 ut
1245 2542 1385 2589 mercon-

255 2627 343 2691 nario
376 2645 431 2692 eno
461 2629 582 2711 partem
616 2628 769 2694 bonorum
800 2626 940 2692 omnium
969 2626 1142 2710 deputaret,
1173 2632 1204 2692 et
1227 2628 1294 2710 hoo,
1324 2645 1384 2708 quo

210 2771 212 2774 >
255 2731 357 2813 magis
379 2731 477 2814 possit
499 2732 617 2796 mirum
637 2749 715 2808 essa,
739 2733 803 2795 iam
826 2731 915 2795 diues
938 2733 979 2812 et,
1004 2747 1064 2813 quo
1086 2730 1273 2810 mirabilius,
1297 2732 1384 2797 diues

250 2852 292 2896 <ex
315 2852 457 2917 paupere,
481 2835 555 2915 quia
575 2833 728 2898 maiorem
750 2833 847 2898 ferme
870 2833 1004 2898 habendi
1028 2835 1163 2899 excitant
1177 2834 1384 2915 cupiditatem

256 2953 330 3017 opes
352 2938 422 3018 post
447 2936 667 3020 indigentiam.
1393 2961 1420 3002 so

207 3059 248 3125 19
300 3055 337 3119 V.
370 3057 461 3121 Tales
491 3075 564 3141 orgo
594 3058 670 3122 tunc
697 3056 800 3122 sancti
828 3059 928 3136 erant,
958 3059 1128 3122 seeundum
1156 3056 1258 3139 legem
1279 3057 1386 3121 omnia

256 3156 407 3223 habentes
441 3161 613 3224 secundum
647 3159 749 3241 legem
783 3161 888 3225 omnia
919 3160 1141 3242 relinquentes.
1178 3178 1214 3226 ac
1236 3159 1288 3225 sio
1315 3180 1384 3244 per·

257 3260 359 3328 fectus
383 3262 444 3327 fuit
466 3266 566 3329 omnis
589 3261 645 3348 qui
664 3264 728 3348 legi
755 3265 868 3346 paruit,
893 3266 1006 3330 ettam
1023 3265 1153 3330 deuotus
1175 3264 1229 3349 qui
1243 3266 1300 3331 sub
1314 3263 1385 3354 lege

250 3367 333 3431 ‘tunc
364 3367 475 3431 minus
495 3367 588 3446 iecit,
622 3385 718 3451 quam
750 3382 833 3433 nunc
861 3367 896 3432 iu
918 3367 1082 3449 euangelio
1111 3367 1164 3451 qui
1194 3367 1267 3448 plus
1286 3367 1384 3432 iacit:

223 3546 224 3554 ἵ
257 3473 345 3534 tunc
363 3470 447 3534 onim
474 3469 563 3553 quasi
592 3471 790 3555 euangelium
818 3471 869 3535 lex
897 3469 967 3536 luit.
1007 3489 1067 3562 quo
1090 3470 1141 3553 fit,
1171 3471 1255 3552 quod
1275 3469 1329 3552 qui
1352 3487 1422 3534 seeo

359 3658 376 3709 3
394 3657 469 3710 Rom.
487 3656 513 3722 4,
533 3656 565 3709 15
667 3658 684 3711 5
702 3658 779 3711 Rom.
798 3657 822 3723 7,
842 3658 857 3711 7
961 3657 994 3712 12
1012 3657 1073 3711 Luc.
1093 3660 1116 3724 1,
1135 3657 1151 3710 6

308 3825 490 3882 hiacultatis
515 3842 548 3880 ecc
567 3829 622 3880 -tes
640 3843 709 3882 corr.
728 3844 762 3882 m.
781 3830 801 3881 2
823 3826 851 3880 B
954 3827 1090 3898 4inquid
1114 3829 1142 3882 B
1245 3826 1386 3897 baliqnit

257 3913 285 3966 A
355 3912 423 3975 ,10
444 3913 569 3982 paenitus
591 3914 648 3970 ΑΒ
752 3912 913 3981 12dsgious
936 3914 1007 3980 ao)
1112 3914 1145 3969 14
1168 3915 1304 3984 quaere-la
1325 3915 1384 3982 (oio)

258 4017 285 4070 Δ
378 4016 436 4086 uio]
460 4017 502 4071 ric
521 4019 549 4072 B
654 4016 907 4073 mmmcmlii
979 4018 1065 4072 ueri
1090 4034 1127 4072 ex
1148 4034 1210 4072 aero
1228 4032 1299 4073 corr.
1317 4023 1387 4073 Μ

258 4103 286 4157 Β
368 4103 421 4157 -21
446 4103 612 4158 mercenario
639 4104 668 4158 B
700 4121 715 4139 ³
769 4103 804 4157 26
818 4101 928 4172 degam]
952 4104 984 4157 in
999 4119 1053 4174 erp.
1073 4103 1162 4160 adeor.
1178 4119 1288 4161 mireo.
1306 4107 1387 4157 ouan-

258 4189 408 4259 geliumB
510 4188 696 4257 arsichiB
791 4188 1104 4260 aequeornexpa
1320 4210 1374 4222 ¹²
