3076 4764
340 273 402 342 126
820 271 977 330 Saluiani

340 459 469 542 reprobo
491 478 593 538 seusu,
617 459 787 526 bonitatem
805 477 859 542 pro
875 461 1013 526 stultitia
1027 459 1226 544 repudiantes
1241 463 1274 526 et
1289 460 1462 542 nequitiam

340 580 393 646 pro
421 563 575 645 sapientia
608 563 774 648 diligentes
807 566 896 629 tanto
931 563 1044 630 cotidie
1077 563 1290 647 prudentiores
1319 580 1384 627 esse
1406 579 1462 628 nos

340 665 494 732 credimus
516 667 631 748 quanto
653 665 771 750 peiores
793 684 910 730 sumus.

197 830 200 838 ,
309 785 330 850 9
381 784 422 850 ΙΙ.
457 785 499 850 Et
521 803 599 869 quac
621 783 757 862 tandem,
780 800 864 866 rogo,
890 802 961 868 spes
984 784 1208 851 emendationis
1231 786 1268 850 in
1286 783 1377 851 nobie
1400 787 1459 864 est,

339 887 392 969 qui
425 907 486 953 non
523 902 624 954 errore
661 885 813 971 opinionis
850 887 890 954 ad
922 887 1039 952 malum
1074 889 1232 971 ducimur,
1268 888 1323 953 aad
1357 887 1498 952 studies

338 991 440 1055 malos
462 992 632 1056 uoluntatis
653 991 833 1069 adnitimur,
855 996 892 1056 ut
915 1009 1035 1074 sempor
1057 993 1175 1075 peiores
1206 1008 1270 1057 esso
1291 993 1462 1057 uideamur.

339 1095 371 1158 et
399 1094 471 1158 binc
497 1095 554 1174 eet,
588 1094 670 1176 quod
698 1094 815 1159 dudum
842 1098 970 1176 questus
997 1112 1069 1158 sum
1096 1095 1261 1160 deteriores
1284 1112 1340 1159 nos
1362 1095 1463 1159 multo

339 1212 519 1278 essequam
543 1195 706 1274 barbaros,
741 1195 813 1278 quia
834 1196 905 1261 illos
934 1196 1108 1279 ignorantia
1130 1196 1209 1280 legis
1232 1200 1372 1279 excusat,
1406 1214 1464 1263 nos

339 1297 470 1364 seientia
505 1300 638 1365 accusat.
675 1298 725 1365 illl
760 1316 814 1381 per
850 1297 1039 1380 imperitiam
1076 1298 1237 1377 ueritatis,
1274 1300 1348 1383 quis
1384 1316 1463 1382 quae

338 1403 402 1468 sint
435 1403 514 1468 bona·
544 1403 695 1487 nesciunt,
729 1401 813 1467 mala
841 1417 896 1483 pro
925 1398 1013 1467 bonis
1037 1400 1187 1484 diligunt:
1222 1418 1276 1466 nos
1299 1418 1370 1467 cum
1399 1401 1497 1466 sol-ro

339 1506 457 1570 cutiam
486 1507 629 1572 ueritatis
657 1505 836 1589 debuemus,
866 1521 945 1586 quac
973 1503 1047 1568 oirutv
1066 1503 1148 1568 bona
1175 1503 1290 1586 optimc
1319 1505 1463 1570 nouimus

290 1606 356 1674 10*
369 1639 386 1673 e
408 1608 516 1675 modis.
555 1610 700 1692 primum,
732 1607 812 1691 quod
840 1606 918 1672 nihil
945 1606 1043 1672 formo
1073 1608 1124 1671 uel
1147 1607 1317 1672 criminum·
1333 1607 1385 1672 uel
1406 1607 1463 1674 lla·

339 1709 487 1794 gitiorum
515 1715 571 1789 est,
602 1712 682 1794 quod
709 1711 743 1776 in
770 1708 956 1793 spectaculis
977 1727 1038 1775 uon
1060 1709 1118 1792 sit:
1145 1709 1200 1775 ubi
1228 1728 1387 1776 summum
1408 1712 1464 1776 do·

338 1812 483 1879 liciarum
518 1832 614 1898 genus
648 1818 696 1880 est
727 1814 807 1878 mori
839 1813 980 1879 homines
1002 1814 1065 1892 aut,
1099 1814 1178 1896 quod
1201 1816 1247 1878 est
1269 1815 1368 1878 morte
1388 1829 1463 1896 gra·

340 1916 410 1981 uiuo
444 1917 660 2000 acerbiusque,
694 1916 840 1996 lacerari,
876 1914 992 1997 erplcri
1025 1914 1161 1980 serarum
1195 1917 1283 1980 aluos
1316 1914 1499 1983 humaniore

340 2018 494 2099 carnibus,
530 2020 650 2085 comedi
680 2019 820 2085 homines
851 2032 923 2083 cum
945 2018 1214 2084 circumstantium
1245 2017 1369 2084 laetitio
1389 2035 1463 2084 cou-

340 2121 539 2204 rpiciontium
574 2123 745 2205 uoluptate,
779 2121 837 2186 hoc
869 2121 918 2186 est
950 2140 1011 2187 non
1044 2122 1146 2186 minus
1174 2138 1270 2204 paone
1300 2118 1463 2186 hominum

339 2225 522 2307 aspectibus·
547 2242 641 2310 quam
669 2224 843 2290 bestiarum
873 2223 1019 2290 dantibus
1043 2223 1194 2291 deuorari.
1231 2224 1323 2306 atque
1344 2227 1382 2288 ut
1405 2223 1463 2289 boc

339 2326 404 2408 liat,
439 2329 520 2394 orbis
553 2328 746 2412 impendium
774 2329 837 2404 eet;
872 2346 987 2412 magna
1020 2327 1103 2393 enim
1138 2345 1213 2394 cura
1240 2327 1274 2392 id
1303 2329 1408 2410 agitur
1430 2330 1463 2392 ot

340 2429 522 2496 elaboratur.
552 2427 704 2496 adeuntur
718 2432 815 2497 etism
838 2431 905 2495 loce
923 2428 1034 2494 abdita·
1053 2431 1230 2495 lustrantur
1251 2430 1334 2494 inuil·
1351 2429 1498 2508 seleuse

338 2537 543 2617 peragrantur
559 2534 658 2599 siluae
672 2533 906 2618 inexplicabiles
919 2534 1168 2598 conscenduntur
1182 2532 1343 2598 nubiferas
1353 2531 1461 2616 Alpes,

338 2638 539 2719 penetrantur
575 2638 691 2703 inlerae
729 2636 828 2703 ualles
863 2640 894 2700 et
927 2638 963 2699 ut
999 2634 1141 2701 deuorari
1177 2634 1298 2718 possint
1334 2653 1353 2700 a
1386 2635 1461 2700 laris

338 2737 459 2804 uiscera
492 2739 662 2818 bominum,
697 2757 758 2804 nou
791 2737 865 2802 licet
898 2740 1042 2802 naturam
1070 2750 1175 2802 rorum
1202 2737 1322 2820 aliquid
1349 2738 1463 2805 habero

290 2842 500 2906 llsecretum.
539 2841 593 2906 sed
622 2842 707 2920 hace,
742 2841 855 2925 inquis,
888 2857 950 2905 nou
977 2859 1098 2922 semper
1126 2841 1216 2906 liunt,
1253 2842 1373 2905 curtum
1403 2846 1462 2907 est.

339 2945 371 3006 et
392 2943 552 3026 praeclara
567 2944 678 3010 erroris
695 2946 744 3010 est
759 2943 925 3023 excusatio,
948 2944 1096 3028 quianon
1112 2962 1233 3026 sempor
1252 2943 1349 3008 dunt:
1372 2943 1498 3025 quasia

441 3105 453 3159 1
477 3105 552 3159 Rom
572 3107 595 3171 l,
613 3106 647 3161 28

392 3253 403 3307 l
424 3250 569 3322 reprobabo
586 3250 634 3307 aad
652 3251 685 3306 ba
700 3256 798 3321 promet.
815 3253 843 3305 A
954 3251 986 3306 12
1008 3257 1074 3306 corto
1096 3250 1183 3306 modis
1199 3251 1264 3306 add.
1281 3252 1315 3307 io
1330 3266 1417 3322 morp:
1437 3252 1464 3306 Β

339 3337 414 3394 deest
435 3339 481 3395 bio
503 3339 619 3409 aliquid3
646 3340 678 3394 re
693 3344 726 3393 to
742 3354 845 3394 rasura
867 3339 987 3408 quiaque
1008 3338 1055 3394 aet
1075 3353 1124 3394 aaa
1141 3339 1192 3394 litt.
1212 3344 1262 3404 reip
1288 3339 1382 3408 ‘poeste
1400 3345 1464 3408 opta

337 3425 479 3495 errpplerc:
498 3425 543 3479 sed
554 3425 672 3493 deligere
682 3440 731 3478 nos
743 3425 814 3479 mala
829 3424 922 3478 multis
935 3423 1098 3479 ostendimus
1116 3424 1210 3478 modis'
1233 3425 1377 3492 Halmium
1394 3425 1462 3490 fort.

339 3512 440 3566 eccidit
468 3512 546 3565 malis
573 3513 663 3565 autem
690 3512 874 3580 postponimus
902 3510 998 3577 multis
1023 3510 1065 3564 ito
1086 3516 1118 3564 ret
1140 3510 1285 3565 subsimilis
1307 3511 1464 3566 litterarum

338 3596 438 3652 mue
463 3598 494 3651 im
519 3597 631 3652 uocemue
657 3595 742 3650 modis
765 3598 793 3649 ot
811 3594 889 3650 rnalis
912 3586 1041 3650 laconum
1063 3597 1181 3662 effecisse
1204 3596 1336 3651 uideatur
1359 3597 1393 3664 cf.
1412 3613 1464 3653 roos

340 3683 476 3738 Sita-Ber.
488 3701 516 3752 p.
528 3689 545 3739 9
559 3684 663 3748 (multis
675 3683 763 3737 modis
775 3684 814 3738 ate
825 3683 945 3738 recurrit
957 3683 1011 3752 Ep.
1028 3683 1092 3748 VII,
1105 3683 1214 3750 3olr'as)
1314 3685 1347 3738 13
1359 3700 1464 3739 summa

339 3769 491 3824 dilitiarum
504 3769 610 3838 (delur.
622 3771 693 3836 2lA
782 3769 814 3824 16
826 3768 954 3823 commodi
967 3774 993 3825 'at
1007 3769 1249 3824 circumstanciaB
1334 3769 1369 3823 20
1381 3771 1464 3827 inuiis

338 3854 407 3908 altis
427 3855 454 3909 A
561 3855 595 3909 22
621 3853 706 3924 iniere
728 3855 768 3909 At
794 3853 926 3908 niuiforae
948 3855 976 3909 B
1004 3853 1123 3921 (inlatae
1148 3854 1231 3909 ualles
1256 3857 1357 3910 radiae
1378 3872 1463 3926 oppo-

338 3945 448 3994 montarr
468 3941 576 4008 raporu'a
591 3955 612 3996 a.
635 3940 700 3995 altis
715 3940 834 4009 Alpibus
857 3955 940 4010 querare
959 3939 1088 3994 niuilerae
1110 3940 1257 4009 nubiferia3
1282 3956 1334 4010 qao
1358 3943 1465 3999 accedat

338 4026 413 4096 qaod
422 4025 596 4082 emericum*
606 4027 706 4081 interae
717 4027 990 4096 ucrbopenatrantur
1002 4026 1232 4097 ruoprecomcm't’
1244 4027 1385 4095 Halmius)
1397 4030 1464 4096 sort.

328 4114 457 4168 acuarit
483 4112 561 4167 Salo.
589 4112 713 4168 riuiferao
738 4113 784 4167 ool
806 4112 883 4182 quod-
901 4112 1051 4167 Hortatore
1070 4115 1227 4182 areptcatar
1250 4113 1397 4169 amudarae

338 4198 373 4252 24
390 4201 491 4253 certum
509 4200 696 4266 ast—sempor
713 4197 784 4252 fiunt
799 4214 848 4252 om.
866 4199 898 4252 A·
912 4203 948 4264 (at
968 4199 1001 4261 T)
