3076 4764
235 261 295 326 162
719 253 874 308 Saluiani

232 451 385 515 ieotarnm
421 453 499 514 erat.
549 468 585 513 ex
618 464 678 529 quo
715 444 859 528 intellegi
894 444 998 526 potest
1034 448 1189 524 quantum
1227 459 1359 507 eaenum

232 552 460 636 impudicarum
494 552 634 618 sordium
667 550 773 627 fuerit,
805 548 860 614 ubi
891 548 947 612 sub
977 546 1197 629 impurissimis
1225 547 1360 611 dominis

233 658 335 721 oastas
359 675 434 737 esse,
458 655 581 720 etiamsi
603 653 788 729 noluissent,
815 651 949 716 feminas
971 669 1033 715 non
1054 651 1180 715 licebat.

180 763 219 826 21
276 759 312 824 V.
345 759 404 826 Sed
426 760 575 825 uidelioet
597 759 725 825 difficile
746 759 804 823 hoo
825 755 949 838 probari
963 757 1067 837 potest
1083 757 1115 820 et
1130 756 1220 820 nulla
1235 758 1360 825 omnino

232 864 340 928 extant
377 863 620 944 praeteritarum
658 861 890 944 turpitudinum
926 859 1181 941 flagitiorumque
1213 861 1394 945 uestigias

231 985 300 1031 eoae
324 968 420 1032 etiam
442 985 525 1033 nuno
547 965 643 1031 multi
665 984 701 1029 ex
719 966 773 1040 eis,
796 964 871 1029 lieet
893 965 996 1047 patria
1017 964 1143 1029 careant
1165 963 1197 1028 et
1219 965 1251 1030 in
1274 983 1361 1031 oom-

230 1069 393 1152 paratione
414 1070 655 1152 praeteritarum
678 1085 773 1150 opum
794 1086 942 1150 pauperes
964 1067 1087 1149 uiuant,
1117 1067 1236 1148 peiores
1259 1069 1360 1134 ferme

230 1174 305 1238 sunt
333 1190 428 1254 quam
457 1173 592 1238 fuerunt.
631 1171 752 1254 peiores
777 1172 881 1236 autem
905 1188 967 1234 non
990 1174 1174 1248 ammodo,
1204 1173 1277 1253 quia
1299 1174 1362 1237 etsi

231 1274 339 1340 eadem
361 1275 482 1341 iaciunt
505 1294 582 1359 qnae
605 1277 677 1341 anto
700 1275 868 1357 faciebant,
892 1274 951 1340 hoo
973 1276 1041 1356 ipso
1063 1275 1170 1339 tamen
1191 1275 1361 1344 deteriores

230 1382 312 1458 sunt,
342 1379 416 1461 quia
445 1380 599 1445 asoelere
627 1397 689 1444 non
717 1379 850 1444 oessant.
888 1377 1044 1459 siquidem
1072 1377 1209 1442 facinora
1237 1397 1394 1458 eorum,1o

230 1482 291 1547 etsi
313 1501 425 1566 genere
446 1483 514 1564 ipso
536 1483 654 1549 maiora
676 1499 736 1547 non
759 1483 833 1559 sint,
862 1484 1002 1546 attamen
1025 1480 1117 1561 plura
1140 1482 1222 1564 sunt,
1246 1502 1282 1547 ao
1305 1503 1360 1566 por

230 1585 287 1650 boe
317 1585 376 1652 etsi
405 1585 573 1650 eriminum
603 1587 744 1650 nouitate
772 1602 834 1648 non
862 1586 1012 1663 crescant,
1044 1584 1226 1666 pluralitate
1248 1604 1360 1652 eumn·

178 1687 346 1754 221antur.
383 1689 463 1752 adde
496 1691 602 1752 autem
635 1687 717 1768 quod
751 1686 836 1765 haee,
869 1686 907 1750 nt
929 1685 1003 1762 dixi,
1039 1686 1160 1751 faoiunt
1180 1687 1246 1752 iam
1268 1707 1359 1755 senes

230 1791 306 1856 adde
328 1795 409 1872 qnod
432 1810 599 1874 pauperes3
627 1794 793 1872 utrumque
816 1788 900 1854 enim
923 1789 1047 1854 sceleris
1071 1792 1277 1873 augmentum
1300 1794 1358 1858 est.

229 1893 331 1959 minus
360 1894 514 1976 siquidem
540 1894 755 1978 prodigiosum
782 1893 831 1958 ost
856 1910 988 1975 peooare
1010 1894 1139 1959 iuuenes
1161 1912 1286 1976 peooare
1309 1898 1393 1963 lo·1s

229 1995 377 2078 euplotes.
415 2016 494 2079 quae
522 1999 627 2063 autem
655 1997 689 2060 in
717 1997 767 2060 bis
794 2015 865 2078 spes
887 1999 943 2060 ant
964 1996 1138 2062 remedium
1160 1999 1218 2073 est,
1242 1999 1296 2080 qui
1319 2003 1361 2068 ab

228 2100 345 2164 usitata
371 2100 555 2181 impuritate
585 2118 643 2164 noe
669 2101 867 2164 miseriarum
896 2102 1035 2181 egestate
1062 2119 1120 2165 neo
1150 2103 1234 2166 uitae
1255 2106 1360 2168 extre·

228 2205 339 2268 mitate
354 2207 565 2269 renodantur?
587 2204 652 2270 esto
668 2203 752 2269 enim
775 2204 926 2285 quosdam
944 2205 1000 2268 aut
1022 2203 1123 2268 stulta
1143 2206 1359 2288 praesumptio

228 2306 340 2390 longae
374 2307 460 2372 uitae
481 2309 537 2373 ant
566 2326 635 2391 spos
667 2307 848 2389 quandoque
877 2308 1015 2390 agendae
1043 2307 1254 2390 paenitentiae
1284 2328 1360 2376 oon·

228 2408 360 2474 soletur:
394 2429 496 2475 nonne
528 2422 649 2476 nouum
678 2410 737 2475 hoe
769 2395 902 2476 monstri
930 2430 1028 2493 genus
1056 2416 1102 2476 est
1133 2430 1198 2476 esse
1231 2412 1393 2494 aliquanao

228 2511 324 2576 etiam
346 2512 380 2577 in
403 2515 503 2579 morte
527 2513 677 2580 uitiosos?
707 2531 787 2595 quae
809 2531 881 2578 cnm
896 2515 942 2580 ita
955 2515 1030 2590 sint,
1052 2515 1204 2596 numquid
1227 2519 1276 2580 est
1298 2517 1357 2584 ali·

227 2615 313 2694 qnid,
342 2615 424 2696 quod
452 2617 516 2683 diei
542 2618 678 2700 amplius
707 2617 828 2698 possit?
861 2617 915 2682 sed
944 2618 1047 2683 adhue
1075 2619 1180 2683 tamen
1202 2619 1357 2700 addimus,

228 2716 349 2783 scilieet
377 2719 460 2800 qnod
487 2720 582 2784 multi
611 2720 687 2784 haee
716 2723 815 2802 agunt
836 2720 928 2784 hodio
952 2720 1049 2785 etiam
1070 2722 1154 2786 inter
1176 2723 1280 2788 hostes
1303 2723 1355 2789 sit'

228 2821 259 2882 et
281 2821 435 2886 cotidiano
451 2822 631 2887 discrimine
646 2839 681 2886 ao
697 2823 808 2887 timore
824 2824 951 2905 captiui,
975 2842 1107 2905 eumque
1122 2826 1162 2890 ob
1176 2825 1357 2908 impurissi-

228 2939 313 2985 mam
336 2922 439 2989 nitam
461 2924 572 2989 traditi
595 2942 614 2989 a
635 2927 691 2990 deo
713 2924 855 2990 barbaris
878 2926 1003 3003 fuerint,
1026 2927 1226 3010 impuritates
1249 2931 1394 2997 tamense-

227 3023 312 3105 ipsas
334 3027 429 3091 etiam
450 3026 536 3092 inter
557 3027 705 3093 barbaros
730 3046 794 3093 non
815 3029 1005 3111 relinquunt.
1181 3093 1182 3096 ,

175 3128 217 3194 23
270 3127 326 3192 VI.
358 3126 418 3194 Sed
447 3129 527 3196 tales
557 3129 638 3195 forte
666 3130 771 3196 hostes
800 3132 884 3210 sunt,
908 3132 988 3197 inter
1010 3151 1085 3214 qnos
1109 3137 1217 3216 agunt,
1247 3137 1282 3199 ut
1306 3152 1357 3200 eos

87 3229 89 3235 ‘
226 3231 289 3296 ista
311 3232 470 3298 deleetent
493 3236 525 3298 et
546 3233 745 3299 offendantur
760 3235 956 3316 gremssima
979 3235 1015 3315 si,
1039 3254 1110 3302 eum
1128 3238 1189 3319 ipsi
1203 3236 1358 3321 impudici

226 3335 302 3415 sint,
333 3337 462 3402 uideant
483 3341 585 3403 castos
608 3356 673 3403 esse
701 3338 866 3404 Romanos.
904 3339 985 3421 qnod
1008 3339 1035 3404 si
1056 3341 1102 3407 ita
1124 3342 1215 3423 esset,
1236 3360 1357 3423 nequa·
1383 3399 1390 3414 .

226 3457 320 3520 quam
350 3444 456 3506 tamen
484 3441 586 3506 faeere
611 3459 668 3506 nos
698 3441 854 3525 improbos
881 3443 1064 3525 improbitas
1093 3443 1220 3509 deberet
1242 3444 1391 3520 ahenam

226 3541 299 3623 quia
320 3543 495 3624 quemlibet
518 3543 680 3608 hominum
703 3545 804 3628 magis
820 3545 882 3609 sibi
904 3548 1061 3628 praestare
1084 3548 1230 3613 conuenit
1252 3549 1288 3611 ut
1311 3547 1355 3612 sit

225 3643 334 3728 bonus,
364 3664 457 3727 qnam
485 3646 577 3710 altori
605 3649 642 3711 nt
664 3646 704 3711 sit
725 3647 837 3727 malus,
867 3648 899 3711 et
920 3647 991 3729 plus
1012 3650 1045 3714 id
1066 3646 1272 3714 laborandum
1296 3652 1353 3729 est,

276 3845 293 3899 2
320 3845 454 3901 sordidum
480 3849 508 3902 A
616 3850 633 3903 b
658 3851 884 3918 eomparationem
910 3851 938 3905 B
1048 3853 1081 3906 12
1106 3829 1229 3908 arescunt
1255 3855 1283 3908 B

226 3930 257 3983 16
283 3929 326 3985 his
352 3932 419 3988 AB:
449 3934 483 3987 iis
509 3951 570 3990 eam
596 3936 657 3990 edd
683 3936 814 3991 Halmius
918 3939 950 3992 17
976 3939 1079 3994 usitata
1106 3957 1140 4001 aa
1167 3943 1208 3994 ·to
1233 3940 1262 3994 A
1283 3955 1355 3994 roro.

224 4021 292 4070 m.1
407 4019 439 4073 19
464 4020 647 4090 longaeuitate
673 4023 701 4076 B
812 4023 844 4079 21
873 4024 997 4078 immorte
1022 4026 1050 4079 A
1161 4041 1214 4095 que
1240 4026 1268 4080 A
1294 4041 1316 4082 s.
1335 4026 1355 4081 l.

223 4106 293 4156 aad
396 4105 430 4160 25
452 4105 623 4174 impuritates
640 4123 675 4163 ea
694 4110 744 4163 -tis
761 4109 789 4163 A
805 4125 875 4165 corr.
892 4115 963 4166 m.2
1012 4168 1015 4173 ,
1065 4111 1100 4167 32
1123 4113 1206 4168 bonos
1223 4129 1245 4168 s.
1264 4129 1316 4169 sor.
1334 4128 1355 4167 u

223 4203 258 4241 m.
277 4191 297 4243 2
317 4192 345 4243 A
