3076 4764
234 277 278 344 50
714 272 867 328 Saluiani

228 479 313 546 mus,
341 463 378 531 ut
410 479 471 529 non
500 460 636 528 sufficiat·
663 460 770 543 nobis,
801 461 883 544 quod
911 461 1097 529 aduersariis
1120 462 1236 528 nostris
1259 462 1355 527 etiam

175 565 361 636 24minima
381 565 646 635 uestimentorum
661 565 842 632 nostrorum
863 568 952 648 parte
968 584 1029 633 uon
1046 565 1195 648 cedimus,
1218 566 1280 631 nisi
1301 566 1356 644 eis,

228 672 381 751 quantum
403 670 437 736 in
459 670 551 737 uobis
574 674 633 753 est,
656 669 685 735 si
706 689 755 735 res
772 670 867 749 sinat,
890 671 1003 736 cuncta
1023 672 1192 756 rapiamus.
1215 671 1357 751 iungitur

227 776 334 838 autem
361 777 525 858 praecepto
556 771 631 838 huic
658 791 716 857 par
746 775 779 839 et
808 772 972 839 consimile
999 775 1200 851 mandatum,
1229 791 1289 856 quo
1312 772 1357 840 ait

227 876 387 943 dominus:
417 878 485 958 qui
507 876 758 957 percusserit
779 876 818 940 te
840 875 882 941 in
904 876 1107 943 dexteram
1135 877 1355 958 maxillam,
1377 893 1391 936 s

226 979 371 1062 praebe
400 979 436 1044 ei
465 980 504 1043 et
534 978 712 1044 alteram.
757 980 887 1061 quantos
908 981 1056 1060 pommus
1087 998 1167 1059 esse,
1197 981 1250 1061 qui
1272 979 1355 1046 dicto

227 1081 300 1148 huic
322 1082 375 1147 uel
397 1100 488 1149 aures
511 1082 652 1148 modeste
673 1081 856 1165 praebeant,
880 1081 931 1147 uel
949 1086 1044 1159 certe,
1068 1083 1191 1149 etiamsi
1206 1082 1238 1148 id
1253 1082 1355 1148 facere

227 1185 383 1264 uidentur,
407 1183 521 1251 animis
541 1183 770 1266 adquiescant?
798 1186 854 1251 aut
875 1187 987 1269 quotus
1010 1185 1142 1270 quisque
1164 1189 1229 1265 eso,
1250 1184 1306 1268 qui
1328 1186 1355 1252 si

227 1306 326 1352 unum
348 1288 446 1353 ictum
470 1287 642 1372 acceperit,
671 1307 732 1352 non
756 1288 873 1354 multos
900 1307 954 1371 pro
976 1307 1038 1354 uno
1062 1289 1194 1354 reddat?
1230 1289 1355 1355 tantum

228 1391 267 1455 ab
289 1391 344 1458 illo
367 1392 457 1457 abest
478 1392 516 1458 ut
531 1392 676 1457 caedenti
690 1391 852 1458 maxillam
865 1392 1022 1475 praebeat,
1047 1395 1082 1458 ut
1096 1395 1166 1457 tum
1181 1411 1214 1458 se
1229 1393 1354 1457 uincere
1363 1415 1389 1456 ιο

228 1498 327 1578 putet,
351 1515 413 1562 non
428 1497 551 1579 quando
567 1495 781 1563 aduersarium
797 1497 974 1578 uapulando
990 1497 1045 1561 sed
1060 1496 1182 1578 quando
1199 1495 1353 1562 caedendo

173 1599 430 1681 aesuperauerit.
482 1618 579 1682 quae
613 1598 758 1680 uultis,
792 1599 896 1682 inquit
928 1600 1084 1678 saluator‚
1121 1603 1160 1664 ut
1200 1599 1353 1663 faciant

226 1700 340 1767 uobis
361 1701 560 1786 homines,
583 1703 715 1768 eadem
737 1703 775 1767 et
791 1721 860 1767 uos
883 1702 1008 1768 facite
1037 1702 1124 1767 illis
1145 1701 1352 1768 similiter.

226 1803 319 1869 huius
342 1805 515 1871 sententiae
537 1806 660 1890 partem
674 1808 741 1870 tam
755 1805 834 1870 bene
850 1805 1005 1887 nouimus,
1028 1808 1065 1871 ut
1079 1823 1250 1888 numquam
1263 1823 1353 1887 prae-

227 1907 406 1986 tereamus,
430 1909 553 1990 partem
576 1910 622 1974 sic
644 1906 940 1990 praetermittimus,
970 1911 1058 1991 quasi
1085 1911 1209 1991 penitus
1232 1906 1388 1977 nescia-ss

226 2028 306 2077 mus.
322 2028 394 2075 nam
410 2009 485 2093 quid
501 2011 540 2076 ab
558 2011 629 2076 aliis
644 2011 798 2093 praestari
809 2011 897 2078 nobis
915 2012 1050 2076 uelimus
1065 2013 1180 2093 optime
1198 2011 1352 2094 nouimus,

225 2111 301 2194 quid
330 2118 439 2187 autem
466 2113 527 2197 ipsi
561 2113 634 2180 aliis
669 2114 834 2181 debeamus
866 2116 1025 2197 praestare
1057 2114 1221 2179 nescimus.
1260 2117 1353 2197 atque

167 2205 170 2216 '
225 2215 350 2281 utinam
371 2218 575 2282 nesciremus!
604 2217 707 2282 minor
735 2221 816 2283 esset
838 2217 1032 2300 ignorantiae
1053 2218 1159 2283 reatus
1182 2221 1353 2285 secundum

225 2319 322 2386 illud:
345 2320 413 2403 qui
434 2321 839 2410 nescituoluntatem
862 2320 1015 2388 domini
1038 2322 1118 2401 sui,
1142 2320 1354 2403 uapulabit

112 2503 120 2522 s
224 2424 378 2506 paucis:
402 2424 468 2508 qui
490 2427 619 2490 autem
640 2425 721 2493 scit
745 2426 782 2491 et
804 2444 876 2490 non
895 2425 996 2491 facit
1019 2444 1115 2504 eam,
1138 2423 1387 2506 uapulabitnc

98 2521 100 2523 ’
224 2527 374 2594 multis.
418 2547 502 2595 nunc
533 2531 642 2595 autem
663 2530 723 2594 hoo
750 2529 851 2594 maior
879 2529 993 2595 offensa
1021 2530 1085 2605 est,
1119 2527 1200 2610 quod
1228 2527 1352 2609 partem

224 2631 400 2697 sententiaa
427 2651 533 2698 sacrae
560 2650 616 2717 pro
645 2632 877 2699 commodorum
907 2632 1084 2698 nostrorum
1114 2631 1253 2695 utilitate
1275 2629 1350 2693 dili-

172 2731 340 2819 ddgimus,
363 2737 564 2820 partemque
586 2736 636 2801 dei
657 2734 774 2801 iniuria
795 2735 1012 2818 praeterimus.
1042 2732 1209 2818 exaggerat
1231 2751 1351 2816 quoque

224 2835 284 2900 hoc
311 2837 362 2902 dei
392 2838 526 2905 uerbum
556 2837 658 2905 officio
686 2837 924 2922 praedicationis
951 2855 1024 2902 suae
1053 2837 1211 2919 apostolus
1234 2836 1351 2900 Paulus

226 2939 348 3006 dicens:
369 2959 480 3008 nemo
503 2943 604 3026 quod
626 2961 743 3009 suum
771 2943 831 3007 est
853 2944 1022 3024 quaerat
1043 2941 1109 3006 sed
1132 2941 1231 3023 quod
1253 2939 1385 3005 alte-rs

226 3044 318 3109 rius.
363 3045 549 3113 etiterum:
580 3063 653 3111 non
681 3064 782 3128 quae
817 3063 885 3109 sua
914 3046 1018 3122 sunt,
1052 3042 1171 3126 inquit,
1203 3041 1351 3124 singuli

227 3147 457 3229 cogitantes
479 3149 548 3214 sed
570 3169 612 3216 ea
640 3165 737 3232 quae
760 3149 938 3214 aliorum.
982 3145 1070 3211 uides
1100 3163 1193 3228 quam
1214 3143 1351 3210 fideliter

225 3252 428 3333 praeceptum
444 3250 562 3317 Christi
576 3250 671 3315 fuerit
695 3254 874 3316 exsecutus:
897 3249 962 3330 ubi,
988 3267 1058 3313 cum
1075 3248 1213 3314 saluator
1234 3248 1279 3312 sic
1294 3266 1350 3313 uos

326 3469 459 3524 tuscan.
477 3469 502 3536 5,
514 3469 548 3524 39
617 3469 651 3524 12
668 3469 767 3524 Mattn
787 3471 858 3538 7,12
926 3472 960 3527 19
978 3469 1041 3524 Luc.
1055 3470 1096 3536 12,
1107 3469 1141 3523 47
1210 3470 1245 3525 25
1261 3469 1348 3523 ICor.

219 3554 265 3647 ¹10,
282 3555 318 3610 24
406 3555 440 3610 26
457 3555 529 3610 Phil.
546 3555 608 3619 2,4

274 3763 348 3817 dar·
364 3761 674 3831 minimam-partem?
766 3765 783 3820 3
800 3763 935 3832 capiamus
953 3762 982 3819 Β
1072 3762 1235 3818 4mandato
1253 3763 1281 3818 Β

223 3855 258 3910 10
278 3855 382 3911 eedem
404 3871 440 3910 sec
463 3855 571 3911 cedente
593 3859 622 3912 A
638 3873 708 3914 coer.
724 3861 795 3914 aad
893 3863 958 3927 poet
983 3857 1109 3927 praebeat
1134 3859 1162 3913 A
1186 3861 1260 3913 Μ
1282 3856 1349 3913 add.

222 3950 309 4004 altera
400 3949 470 4020 tum]
488 3949 554 4005 dum
571 3951 600 4006 A
695 3953 728 4006 16
745 3953 864 4021 prestare
882 3953 941 4016 (sed
957 3968 972 4008 e
987 3953 1021 4007 ia
1031 3953 1081 4020 fiac.
1093 3953 1204 4021 toros.)
1222 3952 1349 4006 ueslimm

36 4101 40 4107 .
222 4037 250 4090 A
353 4036 387 4090 18
409 4035 497 4090 minor
514 4040 583 4093 esset
600 4053 635 4094 aa
651 4038 767 4094 minores
785 4040 827 4093 set
842 4040 871 4093 A
888 4053 957 4094 con.
975 4042 1049 4096 Μ
1152 4034 1245 4094 laad
1263 4053 1350 4106 uapu-

146 4118 148 4122 ’
222 4119 293 4176 labit
310 4136 344 4176 ec
361 4120 503 4190 aapulauit
520 4123 600 4183 coo
611 4140 682 4183 corr.
693 4127 761 4179 M
846 4124 880 4180 21
892 4124 921 4180 in
932 4124 982 4181 hoc
993 4126 1079 4181 maior
1097 4125 1125 4180 Β
1209 4123 1244 4178 22
1261 4138 1349 4179 sacrae

222 4206 404 4262 em.Bm.1
506 4207 845 4268 donemesomBor.1
947 4210 1166 4266 dssexoeutnsB
