3076 4764
218 285 283 351 235
703 275 863 329 Saluiani

220 471 456 536 nouissimIs
488 465 646 541 diebus,
679 464 739 528 hoc
769 464 834 540 est,
867 468 904 526 ut
937 465 1035 528 maior
1067 463 1350 528 thesaurizantium

221 576 326 641 reatus
347 577 443 647 esset,
466 588 539 634 cum
560 568 779 632 thesaurorum
796 566 951 631 inuidiam
966 566 1062 631 etiam
1076 566 1196 630 saecuti
1210 567 1350 631 extrema

220 676 428 743 cumularent.
457 670 760 747 thesaurizetis,
791 668 910 750 inquit,
941 668 981 732 in
1011 669 1244 734 nouissimis
1270 670 1351 734 die·

221 780 302 843 bus
340 795 396 858 per
424 775 587 839 thesauros
616 772 770 854 cupiditas
799 791 854 853 per
882 772 1070 836 nouissimos
1091 773 1158 836 dies
1179 770 1350 837 infidelitas

220 884 396 946 accusatur.
432 897 470 942 ac
497 896 554 958 per
583 877 642 941 hoc
669 877 837 958 duplaret
859 875 1043 957 cupiditatis
1073 893 1154 940 noxa
1177 880 1225 940 est
1247 879 1281 939 et
1301 876 1386 940 in-⁵

221 982 393 1058 fidelitatis,
417 980 490 1062 quia
511 981 683 1059 thesauros,
706 997 783 1061 quos
804 979 892 1044 iuxta
912 979 946 1042 id
968 979 1051 1059 quod
1069 979 1146 1044 deus
1169 979 1248 1042 dicit
1269 979 1352 1044 ‘non

221 1075 488 1165 coucupisces'
510 1086 628 1148 crimen
644 1083 752 1165 utique
766 1083 829 1148 fuit
844 1090 876 1147 ot
891 1081 956 1146 alio
969 1083 1110 1162 tempore
1125 1083 1350 1163 concupiscere,

221 1187 323 1253 mains
344 1186 461 1269 ubsque
483 1186 579 1252 dubio
600 1206 655 1269 per
676 1185 898 1251 infidelitatem
918 1185 1021 1267 ipsam
1043 1185 1160 1248 crimen
1183 1186 1233 1248 est
1255 1185 1352 1250 etiam

222 1291 256 1356 iu
277 1289 390 1355 mundi
410 1289 472 1354 fine
493 1292 662 1355 cumulare.

171 1413 212 1480 3‘1
264 1410 355 1476 VIII.
390 1410 512 1475 Durum
546 1411 679 1476 fortasse
712 1410 827 1491 aliquis
861 1425 1037 1473 sermonem
1065 1427 1172 1472 meum
1201 1408 1387 1474 munero

221 1512 383 1579 indicauit.
421 1516 453 1578 et
474 1532 548 1578 uere
570 1514 668 1578 durus
690 1517 747 1590 est,
771 1512 799 1576 si
822 1512 940 1594 aliquid
963 1531 1025 1576 uon
1041 1529 1078 1575 ex
1099 1511 1353 1576 testimonimum

221 1634 381 1682 sacrorum
402 1616 591 1682 anctoritate
614 1615 823 1681 commonuit:
845 1618 942 1680 durus
962 1615 1166 1695 existimetur,
1189 1615 1217 1678 si
1232 1615 1353 1696 aliquid

222 1719 289 1784 taio
311 1717 431 1796 habuit,
454 1719 546 1801 quale
569 1719 623 1782 hic
645 1719 806 1799 apostolus
827 1717 1036 1799 praedIcanit:
1059 1721 1179 1782 utnon
1202 1719 1351 1782 addamus

222 1821 301 1886 iilud
331 1820 449 1886 domini
481 1822 580 1885 nostri
609 1820 739 1897 dictum,
768 1839 829 1904 quo
858 1839 965 1885 omnes
994 1823 1119 1903 penitus
1149 1821 1295 1904 indignos
1317 1839 1351 1884 se

223 1943 290 1990 esse
321 1925 410 2000 dixit,
440 1925 494 2005 qui
523 1941 585 1988 non
614 1926 846 1988 renuntiassent
867 1924 1014 1988 omnibus
1039 1941 1118 2005 quae
1147 1923 1387 2007 possederintu

171 2032 302 2112 38quao
324 2047 396 2092 cum
418 2028 463 2093 ita
486 2027 560 2105 sint,
590 2044 702 2103 nonne,
732 2043 855 2107 quaeso,
878 2026 1188 2109 indulgentissimum
1210 2044 1247 2090 ac
1269 2027 1352 2091 mol·

223 2131 381 2198 lissimum
404 2131 576 2195 existimari
599 2130 747 2194 conuenit
774 2130 856 2211 quod
881 2129 978 2193 locuti
1002 2148 1120 2209 sumus,
1153 2131 1274 2194 scilicet
1297 2131 1353 2211 qni

223 2234 413 2312 hominibus,
438 2233 552 2316 quibus
573 2233 745 2317 perfectam
767 2232 1019 2298 incolumItatcm
1041 2234 1179 2296 tribuere
1198 2253 1259 2297 non
1280 2251 1353 2314 pos·

224 2356 343 2416 sumus,
366 2354 457 2418 opem
480 2338 586 2401 saltim
610 2338 792 2418 desperatae
806 2337 920 2401 salutis
942 2337 1142 2418 inquirimus,
1166 2340 1199 2400 et
1220 2355 1354 2418 quornm

222 2439 325 2505 uitam
347 2458 457 2505 sanare
480 2458 540 2502 non
563 2456 735 2520 possumus,
756 2431 893 2502 'mortem
916 2438 1021 2502 leuare
1036 2441 1256 2518 temptamus?
1278 2441 1388 2521 quidne

222 2543 273 2607 est
293 2542 377 2607 enim
399 2543 536 2625 perfecta
558 2541 702 2605 sanitas?
729 2541 804 2622 quid
827 2541 889 2605 nisi
912 2541 944 2604 in
966 2541 1036 2604 uiia
1056 2540 1116 2606 hac
1138 2545 1216 2608 bene
1239 2543 1353 2626 agero?

224 2646 299 2728 quid
321 2647 477 2727 postrema
500 2646 642 2708 curatio?
666 2643 741 2725 quid
763 2645 825 2709 uisi
847 2644 900 2707 uel
914 2645 947 2708 in
962 2645 1108 2710 extremis
1123 2644 1238 2710 bonum
1261 2646 1353 2711 niati·

223 2765 296 2812 cum
320 2750 511 2829 conparare?
540 2746 614 2830 quid
637 2749 687 2812 est
708 2744 848 2829 perfecta
869 2746 1012 2811 sanitas?
1040 2747 1116 2828 quid
1137 2749 1199 2812 nisi
1222 2751 1354 2815 rebusa

224 2850 280 2914 deo
312 2850 441 2915 traditis
469 2850 548 2914 bene
569 2850 645 2914 utI?
678 2852 758 2932 quod
788 2850 938 2914 ultimum
960 2852 1156 2915 remedium?
1177 2845 1269 2932 ¹quod
1291 2851 1354 2916 nisi

171 2959 215 3025 39
224 2952 333 3017 saltim
356 2957 465 3035 postea
487 2952 588 3018 facore
611 2953 692 3036 quod
713 2955 873 3037 poeniteas
893 2956 926 3019 te
949 2956 1097 3019 nonanto
1119 2954 1255 3018 fecisse?
1276 2957 1389 3022 durare

225 3055 337 3137 aliquis
366 3058 459 3137 putat
488 3074 552 3121 esso
577 3076 656 3139 quae
678 3056 763 3121 dico:
794 3059 881 3137 darc,
912 3058 1005 3140 plane
1028 3057 1107 3121 dura
1128 3057 1352 3132 existimentur,

223 3158 286 3223 nisi
320 3158 398 3223 talia
431 3163 523 3237 sunt,
557 3163 593 3224 ut
625 3161 659 3224 in
692 3160 921 3244 comparatione
954 3160 1142 3242 apostolicae
1175 3161 1353 3225 seueritatis

224 3262 334 3327 mollio
366 3281 402 3327 ac
435 3263 566 3328 remissa
599 3263 777 3328 uideantur.
819 3265 977 3346 apostolus
1011 3264 1094 3329 enim
1122 3263 1163 3327 ad
1192 3263 1354 3344 planctum

224 3364 339 3430 diuites
372 3371 473 3443 uocat,
509 3385 565 3432 nos
599 3366 639 3430 ad
672 3365 861 3431 remediumz
899 3366 1055 3448 apostolus
1089 3366 1216 3432 diuitias
1248 3367 1353 3450 ignem

228 3531 232 3539 ’
327 3536 344 3590 6
361 3534 442 3589 Exod.
460 3536 495 3590 20
534 3535 610 3589 Rom.
630 3536 645 3588 7

275 3693 292 3746 5
311 3707 361 3744 nox
379 3696 421 3744 est
439 3693 466 3745 B
569 3694 586 3746 6
603 3690 676 3762 deus]
697 3694 747 3746 dn's
765 3694 823 3761 (sic,
836 3709 894 3746 noc
906 3693 992 3746 sotum
1003 3695 1078 3747 ‘teste
1089 3693 1216 3748 Botuzic'
1234 3698 1266 3748 ct
1279 3695 1356 3762 apud

224 3776 379 3841 Halmium)
408 3778 435 3830 B
547 3778 755 3847 tecnonpisces
782 3795 817 3833 ec
844 3779 1009 3846 concupiscis
1037 3794 1106 3833 corr.
1133 3769 1205 3832 Μ
1230 3780 1287 3832 AB

224 3862 258 3916 12
276 3867 422 3917 commonit
436 3869 534 3931 punct.
552 3865 595 3917 nit
612 3870 639 3918 et
655 3881 676 3920 e.
694 3881 746 3921 scr.
764 3881 800 3919 m.
818 3868 838 3919 2
864 3865 955 3918 nuent
972 3865 1000 3919 A
1105 3864 1139 3919 13
1155 3867 1292 3933 spostolus
1311 3865 1355 3918 hic

223 3948 272 4002 ssd
297 3947 403 4003 additis
428 3955 498 4004 ccl
525 3951 612 4019 sipoto
629 3952 856 4020 transpositionis
879 3951 906 4004 A
1001 3952 1043 4005 -15
1071 3951 1233 4019 possIderint
1260 3951 1288 4004 Β

226 4033 259 4088 16
276 4035 351 4104 qnae]
370 4035 417 4104 qni
436 4036 464 4088 B
544 4037 579 4090 18
595 4037 808 4093 incolomitatem
826 4038 854 4091 B
942 4038 974 4092 19
994 4037 1355 4106 desperataeescdisperatae

225 4133 295 4172 corr.
313 4137 346 4175 m.
366 4124 386 4175 2
408 4121 464 4174 AB
567 4123 602 4176 24
629 4123 694 4190 quid
716 4123 770 4177 nisi
797 4124 824 4177 B
928 4124 963 4178 25
989 4125 1086 4178 saltem
1110 4140 1144 4178 cc
1168 4124 1261 4177 saltim
1284 4139 1355 4178 corr.

225 4221 259 4261 m.
277 4208 299 4259 2
315 4207 343 4259 A
