3076 4764
522 261 560 314 de
578 259 711 330 gubern.
729 260 783 314 dei
806 261 860 316 VII
877 265 892 325 ξ
910 261 1022 317 58-62.
1275 265 1336 332 175

208 450 318 517 mundi
341 451 502 516 thesauros
525 451 672 516 uideatur
692 451 847 533 implesse.
871 453 903 518 et
926 452 1000 534 quid
1021 456 1092 535 poet
1115 453 1211 518 hoec?
1235 452 1336 519 eral-

206 558 337 622 tatum
363 559 437 629 est,
461 555 578 637 inquit,
608 572 670 619 cor
699 557 808 620 tuum
836 558 874 620 in
898 556 1035 621 decoro
1063 557 1143 635 tuo,
1174 560 1336 639 propter

98 726 100 731 ,
206 658 508 724 multitudinem
544 659 807 740 peccatorum
843 662 997 723 tuorum
1033 659 1073 723 in
1111 661 1262 725 terram
1298 663 1336 724 te

204 760 365 847 proieci.
404 761 556 842 quomodo
578 759 745 826 Africanae
773 762 932 844 potentiae
962 765 993 826 et
1015 761 1076 827 hoo
1104 763 1255 844 competit
1281 762 1385 827 00161

185 864 467 946 equemadmodum
490 864 626 944 proiecta
649 881 715 927 esse
738 864 863 928 uidetur
885 863 1075 931 interram?
1102 866 1252 947 quomodo
1275 864 1336 930 nioi

206 969 295 1050 quie,
319 969 440 1050 quando
464 968 572 1032 amisit
593 968 752 1049 potentiae
773 967 890 1032 ueteris
913 968 1128 1045 altitudinem,
1156 968 1244 1051 quasi
1266 986 1336 1032 cae·

206 1072 320 1137 lactem
340 1071 480 1152 perdidit
503 1071 715 1154 dignitatem?
745 1074 786 1134 et
808 1072 984 1150 educam,
1007 1072 1120 1155 inquit,
1143 1073 1270 1156 ignem
1292 1075 1336 1137 do

207 1174 331 1239 medio
358 1175 433 1253 tui,
469 1173 530 1238 hic
558 1176 596 1238 te
624 1173 843 1240 deuorabit.
888 1175 964 1257 quid
993 1175 1050 1240 heo
1079 1175 1265 1239 renerius?
1299 1176 1337 1240 de

129 1292 131 1297 ’
206 1277 310 1342 media
336 1277 451 1359 quippe
473 1296 579 1342 eorum
602 1276 771 1358 iniquitate
794 1277 876 1360 ignis
898 1280 1018 1359 peccati
1041 1276 1130 1355 exiit,
1160 1278 1214 1359 qui
1236 1277 1336 1345 felici·

174 1410 198 1451 10
207 1382 306 1445 tatem
327 1379 439 1462 prioris
462 1379 612 1462 temporie
635 1380 805 1445 deuorauit.
836 1383 873 1444 et
895 1398 1041 1459 ornnes,
1065 1379 1184 1461 inquit,
1208 1381 1273 1461 qui
1296 1381 1335 1445 te

206 1486 531 1551 noueruntlnter
554 1485 757 1561 nationes,
782 1485 1265 1565 contristabuntursuper
1287 1488 1335 1550 te.

207 1590 371 1654 conuenire
393 1588 459 1654 illie
481 1588 539 1653 hoc
561 1606 623 1653 non
645 1591 807 1670 putemus,
835 1588 862 1652 si
885 1607 945 1654 non
968 1589 1087 1653 euereio
1110 1588 1254 1653 Africani
1277 1588 1336 1654 ooli

206 1693 309 1757 luctus
332 1694 380 1756 est
402 1694 521 1774 generis
544 1691 682 1756 humani.
717 1691 910 1774 perditio,
938 1692 1050 1774 inquit,
1080 1690 1210 1757 lactus
1238 1694 1337 1756 eset

207 1812 281 1859 non
304 1796 383 1859 eris
405 1795 577 1877 amplius
598 1795 638 1859 in
660 1802 875 1860 aeternum.
899 1796 931 1860 in
953 1795 1159 1877 perditionem
1182 1795 1244 1858 iarn
1268 1794 1337 1859 illic

175 1898 338 1964 udeduota
360 1897 466 1962 omnia
488 1898 566 1962 satis
583 1902 720 1965 constat:
743 1904 884 1981 superest
900 1918 939 1963 ne
955 1899 1108 1964 malorum
1124 1897 1336 1978 praesentium

205 2019 321 2083 poenos
344 2001 441 2066 etiam
463 2005 661 2066 aeternorum
684 2002 876 2066 continuatio
900 2005 1114 2083 consequatur.

246 2103 317 2169 XV.
340 2104 411 2169 Non
433 2105 570 2186 patiatur
593 2104 652 2169 hoc
673 2108 781 2169 autem
803 2124 858 2186 pro
873 2104 987 2169 affectu
1009 2122 1082 2168 suae
1103 2103 1335 2168 misericordiae
1344 2099 1386 2165 62

206 2207 288 2276 derio.
312 2206 386 2273 nam
410 2211 561 2290 quantum
583 2209 623 2272 ad
641 2208 790 2272 meritum
805 2208 980 2272 nostrorum
999 2207 1164 2272 criminum
1188 2206 1333 2288 pertinet,

205 2311 252 2376 ita
273 2329 306 2375 re
329 2329 379 2375 res
402 2311 506 2388 habet,
530 2313 567 2374 ut
581 2310 648 2392 peti
664 2329 753 2392 posse
769 2311 923 2375 uideatur.
951 2309 1026 2391 quid
1043 2309 1126 2374 enim
1141 2309 1335 2391 piaculorum
1405 2371 1407 2377 .

174 2416 254 2482 uest
275 2432 337 2478 non
359 2414 427 2479 illio
448 2433 569 2497 semper
591 2415 788 2479 admissum?
833 2433 890 2478 nec
912 2415 950 2478 de
978 2412 1125 2477 omnibus
1147 2412 1232 2493 dico,
1262 2413 1335 2494 quia

206 2520 239 2582 ot
260 2520 399 2584 enormia
427 2517 490 2583 sere
519 2523 592 2583 sunt
620 2520 651 2583 et
679 2518 753 2583 sciri
775 2537 811 2583 ao
835 2518 897 2583 dici
918 2519 1012 2583 tanto
1038 2534 1099 2581 non
1121 2525 1260 2597 possunt.
1297 2519 1335 2581 de

206 2621 272 2687 sola
293 2621 345 2686 uel
367 2622 503 2686 maxime
525 2621 716 2687 obscenitate
738 2621 960 2704 impuritatum
980 2621 1089 2703 loquor
1111 2620 1159 2703 et,
1182 2620 1262 2700 quod
1286 2621 1334 2683 est

206 2723 341 2810 manius,
370 2722 616 2806 sacrilegiomm.
645 2723 864 2808 praetermitto
895 2725 928 2788 in
950 2725 1053 2806 aliquo
1076 2724 1193 2788 rabiem
1216 2723 1335 2806 cupidi·

206 2827 297 2904 tatis,
326 2826 440 2891 uitium
469 2828 566 2892 totius
588 2829 711 2910 generis
740 2827 888 2892 humani:
918 2831 1076 2910 praetereo
1105 2825 1257 2892 auaritiae
1285 2827 1334 2890 in-

173 2930 444 3008 rehumanitatem,
467 2932 627 3013 proprium
643 2935 690 2996 est
707 2932 917 2997 Romanomm
932 2949 1029 3014 paene
1044 2930 1184 2994 omnium
1199 2929 1334 2994 malum:

205 3033 399 3115 relinquatur
422 3034 564 3114 ebrietes,
585 3034 739 3102 nobilibus
754 3034 1006 3119 ignobilibusque
1021 3033 1211 3110 communis;
1228 3035 1334 3099 tacea-

307 3200 322 3255 1
345 3200 440 3258 Erech.
458 3199 500 3263 28,
521 3200 553 3254 17
657 3197 673 3250 i
696 3195 790 3252 Erech.
809 3196 851 3262 28,
871 3196 904 3249 18
1007 3195 1040 3247 10
1058 3195 1152 3249 Erech.
1170 3195 1212 3259 28,
1232 3194 1265 3249 19

207 3287 238 3340 13
256 3286 350 3344 Erech.
369 3287 412 3352 28,
432 3286 465 3339 19

255 3431 668 3488 danteocutAcorr.m.2
769 3429 859 3496 eque
878 3426 1031 3481 ammodum
1053 3428 1082 3482 A
1183 3418 1332 3495 6qniaB

204 3533 225 3573 8.
243 3520 259 3573 1.
333 3534 334 3538 ’
366 3518 522 3588 iperderet
539 3517 568 3571 B
670 3516 686 3569 9
709 3514 797 3569 modio
820 3515 848 3567 A
953 3513 985 3566 14
1002 3512 1219 3582 imperditionem
1236 3514 1264 3567 A

205 3604 341 3659 illiciam
362 3605 390 3657 B
492 3604 526 3658 16
547 3605 656 3657 aeterna
679 3601 707 3654 B
807 3600 839 3652 21
858 3599 974 3652 inermia
989 3604 1103 3666 practer
1120 3598 1148 3651 Β
1165 3603 1192 3652 et
1210 3598 1238 3650 A
1254 3598 1334 3652 babet

204 3691 482 3744 m.1rcireA
585 3689 619 3742 22
636 3686 702 3757 quid
719 3687 747 3740 B
845 3685 880 3739 24
897 3687 945 3738 ‘cst
963 3685 1057 3750 totius,
1074 3684 1175 3738 moiim’
1192 3684 1331 3750 Halmius,

205 3777 250 3830 oui
268 3776 354 3830 cidem
367 3776 455 3843 poulo
468 3780 533 3844 poet
551 3773 730 3830 ‘sordentium
742 3771 854 3826 uidetur
866 3771 1014 3824 communis
1033 3771 1089 3837 (aei
1101 3773 1249 3834 commune)
1268 3772 1332 3837 eot’;

204 3867 333 3916 neutrum
359 3861 536 3925 crediderim
565 3861 646 3914 immo
672 3859 825 3914 8010100000
849 3873 900 3911 ecco
926 3872 999 3911 more
1031 3857 1177 3911 (1101100010
1208 3857 1333 3911 uoriocee

200 3947 345 4015 mancos
363 3953 418 4010 eot,·
440 3950 568 4014 (ceteram
578 3947 610 3999 iro
627 3945 654 3998 A
671 3945 710 3998 cic
723 3943 935 4012 interpwnyitur
952 3943 1040 3996 locas:
1058 3941 1169 3996 humani
1187 3945 1331 4010 praetereo.

204 4032 344 4087 nutritiae
361 4036 423 4097 etc.)
526 4032 560 4086 25
585 4031 657 4101 quod
679 4029 815 4098 proprium
838 4029 866 4082 B
969 4029 1333 4085 2601111000000002

204 4118 299 4187 ti(cio)
318 4120 346 4172 A
431 4116 648 4187 ignobilibueque
666 4132 699 4171 ccc
718 4115 779 4184 -qui
797 4115 825 4167 A
842 4120 991 4171 0010012
1076 4117 1332 4170 communeuceatur

205 4204 262 4272 (010)
280 4207 309 4261 A
327 4205 375 4260 sed
393 4221 407 4258 e
425 4205 457 4259 irc
475 4220 613 4258 commune
630 4218 696 4260 uoce
714 4219 748 4258 ecc
765 4203 776 4255 i
793 4218 863 4257 corr.
