3076 4764
479 274 518 328 ed
536 274 713 328 ecelesiam
734 274 780 329 111
798 278 814 340 ς
834 273 943 329 10-17.
1213 279 1277 346 273

148 484 236 532 mens
260 466 348 548 larga
370 466 435 531 nisi
456 466 652 549 paenitentia
673 464 833 530 fructuosa
848 465 880 530 et
898 464 1110 548 eleemosynae
1133 466 1276 547 copiosae

150 570 239 653 quasi
267 587 378 643 manus
408 569 542 652 ualidae,
572 569 627 634 ubi
648 568 782 650 denique
808 584 863 648 pro
886 566 1069 635 diuersitate
1091 569 1277 637 meritorum

149 673 204 741 aut
230 692 388 739 summum
420 673 537 738 bonum
566 673 706 738 inuenies
736 673 791 736 aut
813 689 972 737 summum
995 673 1124 751 malum,
1147 674 1202 738 aut
1224 672 1276 739 in·

149 777 281 843 mortale
303 779 476 858 praemium
500 778 556 844 aut
578 775 644 841 sine
666 775 726 842 fine
750 776 952 841 tormentum.
982 777 1013 841 et
1035 776 1071 843 tu
1086 777 1124 842 de
1139 776 1278 859 loeuple-
1288 774 1330 840 14

126 881 253 944 standis
276 879 523 962 quibuscumque
545 879 709 946 herodibus
732 879 796 945 tuis
826 877 953 960 rogitas,
984 879 1022 945 de
1045 879 1158 962 opibus
1178 897 1278 964 agne-

149 985 253 1049 torum
287 983 553 1065 cognatorumque
583 983 735 1064 suspiras,
772 999 865 1063 quem
900 983 1099 1064 potissimum
1131 983 1278 1050 ditiorem

149 1086 337 1166 patrimonio
358 1087 411 1151 tuo
435 1086 540 1169 facias,
565 1086 616 1151 oui
631 1084 839 1168 supelleetilis
854 1086 960 1153 neriae
982 1087 1164 1153 ornamenta
1189 1087 1275 1152 trun-

150 1189 276 1269 soritas,
307 1189 394 1255 ouius
422 1189 585 1271 apothecas
609 1188 704 1271 oopiis
726 1189 789 1254 tuis
811 1187 945 1270 repleas,
969 1188 1020 1254 oui
1042 1190 1190 1257 maiorem
1212 1207 1277 1256 ser-

149 1309 261 1357 uorum
290 1310 455 1357 numerum
485 1291 692 1373 derelinquas.
729 1290 944 1361 infelicissime
970 1293 1127 1375 omnium,
1160 1295 1278 1374 cogites

113 1412 244 1476 mquam
272 1396 349 1461 bene
379 1393 436 1459 alii
462 1395 533 1475 poet
554 1394 587 1459 te
607 1393 728 1472 uiuant,
760 1410 824 1461 non
847 1394 965 1477 eogitas
989 1413 1084 1476 quam
1104 1395 1190 1462 male
1209 1396 1278 1478 ipse

148 1498 303 1565 moriaris.
339 1499 389 1563 dio
416 1499 503 1581 mihi,
534 1515 655 1580 quaeso,
683 1497 817 1567 omieer
846 1497 1034 1563 oinfidelis!
1065 1517 1138 1565 uum
1167 1499 1278 1566 moltis
1288 1497 1329 1562 15

148 1601 373 1682 patrimonium
395 1601 486 1668 tuum
509 1601 642 1679 diuidan
666 1620 737 1669 oum
752 1601 871 1669 multos
886 1599 1089 1667 fatuitatibus
1105 1603 1168 1669 tuis
1185 1602 1277 1679 dites,

149 1704 301 1786 numquid
331 1704 369 1770 de
399 1703 465 1770 eolo
486 1704 520 1771 te
542 1723 574 1768 es
596 1708 662 1771 tam
693 1704 775 1773 male
805 1703 946 1781 meritus,
977 1707 1013 1767 ut
1035 1703 1097 1771 titi
1117 1723 1174 1772 neo
1194 1705 1279 1773 inter

150 1809 308 1874 extraneos
324 1807 428 1875 loounr
444 1806 539 1875 furies
556 1806 702 1877 herodis?
717 1825 787 1877 euoe
798 1810 941 1889 exportat
954 1808 986 1871 te
999 1808 1064 1873 iam
1079 1827 1278 1892 egressurum

114 1912 188 1977 rode
208 1909 278 1976 uita
298 1913 365 1977 ista
384 1911 522 1979 officium
543 1911 712 1978 tribunalis
730 1911 819 1990 sauri,
843 1913 1007 1992 expectant
1023 1914 1155 1978 tortores
1172 1915 1279 1995 angeli

150 2016 183 2079 et
203 2015 418 2083 inmortalium
442 2015 669 2083 tormentorum
690 2013 845 2079 terribiles
867 2014 1016 2095 ministri,
1045 2019 1076 2081 et
1098 2016 1134 2081 tu
1156 2016 1278 2084 laturae

148 2122 219 2200 post
251 2119 283 2185 te
313 2117 460 2183 heredum
490 2117 701 2186 mundialium
730 2118 908 2200 uoluptates
936 2120 1040 2188 animo
1070 2120 1212 2196 uolutus,
1242 2123 1278 2187 tu

150 2221 276 2286 delicias
298 2221 431 2287 aliorum
451 2223 556 2288 mente
578 2221 770 2301 pertractas:
794 2220 990 2302 quambene
1011 2221 1131 2287 soilioet
1154 2225 1223 2303 poet
1246 2225 1278 2288 te

150 2323 238 2389 heres
268 2326 342 2390 tuus
374 2323 412 2389 de
443 2323 496 2388 tuo
525 2325 685 2404 prandeat,
716 2322 829 2405 quibus
856 2324 954 2405 oopiis
974 2326 1119 2391 uentrem
1142 2325 1276 2409 expleat,

113 2427 301 2510 roquomodo
331 2445 429 2508 usque
457 2427 497 2490 ad
526 2443 675 2495 nauseam
702 2425 928 2493 redundantem
955 2427 1078 2495 uiscera
1102 2430 1277 2495 exsaturata

149 2530 315 2597 distendat.
349 2529 565 2598 infelicissime
588 2529 737 2614 omnium,
761 2531 835 2612 quid
858 2530 916 2595 tibi
935 2532 985 2595 est
1004 2550 1076 2597 uum
1100 2532 1148 2599 his
1175 2532 1276 2599 neniis
1288 2528 1330 2596 16

149 2633 224 2717 quid
254 2635 312 2700 tibi
340 2652 411 2700 oum
440 2633 490 2698 his
515 2633 736 2712 deliramentis,
761 2632 834 2714 quid
857 2652 928 2701 oum
950 2634 1095 2701 stultitia.
1112 2635 1204 2702 huius
1228 2655 1277 2702 er-

149 2737 226 2801 roris
255 2737 330 2818 quid
361 2756 431 2801 oum
454 2737 627 2818 perditione
648 2737 742 2803 istius
765 2736 937 2804 nouitatis?
974 2740 1123 2821 numquid
1152 2758 1278 2806 suoour·

149 2858 215 2904 rere
238 2839 295 2905 hou
318 2841 377 2905 tibi
399 2840 482 2905 inter
505 2840 659 2922 supplicia
674 2859 797 2909 summa
819 2841 944 2923 poterit,
967 2840 995 2907 si
1010 2841 1047 2919 is,
1070 2843 1188 2925 quires
1205 2848 1277 2909 tuas

113 2942 277 3024 reprodige
300 2943 446 3023 eomedit,
468 2943 574 3009 lautus
597 2945 628 3006 et
650 2961 781 3025 pransus
804 2946 881 3010 bene
903 2945 1077 3014 eruutariti

190 3062 268 3128 IIII.
291 3063 350 3129 Sed
367 3065 405 3129 de
419 3062 477 3144 his,
502 3065 584 3129 unde
605 3083 688 3128 nuno
710 3063 877 3145 loquimur,
902 3065 929 3128 si
951 3083 1000 3130 res
1022 3084 1058 3131 eo
1074 3068 1153 3134 ratio
1167 3068 1276 3148 postu·
1290 3068 1329 3134 17

149 3165 300 3249 lauerint‚
338 3168 434 3232 etiam
473 3168 543 3249 post
580 3166 658 3231 haee
694 3166 799 3250 aliqua
835 3168 1015 3234 subdemus.
1052 3169 1180 3234 interim
1217 3171 1277 3236 hoo

202 3437 215 3491 1
241 3438 408 3507 elemosynae
425 3439 453 3492 A
479 3437 555 3492 elem.
574 3438 601 3493 Β
705 3440 721 3493 6
744 3443 924 3513 cognatorum.
952 3442 1008 3508 Quo
1027 3446 1058 3509 (e.
1076 3458 1128 3498 eur.
1146 3460 1180 3497 m.
1198 3445 1219 3497 2
1237 3442 1277 3511 id)

149 3539 221 3591 susp.
241 3523 269 3576 B
358 3525 454 3592 tpoet
471 3524 597 3578 faciastu
615 3525 642 3579 A
660 3540 728 3579 erae.
741 3526 866 3580 ditiorem
879 3527 1011 3582 iteratum
1100 3529 1277 3582 transseuibas

147 3609 192 3663 uto
208 3610 236 3663 A
335 3610 367 3663 11
379 3610 503 3664 insedelis
517 3627 551 3665 ea
562 3610 732 3665 infidelitatis
744 3628 814 3667 corr.
827 3631 861 3668 m.
873 3618 892 3667 2
910 3615 938 3668 Β
948 3615 1013 3668 item
1024 3615 1118 3669 atatim
1132 3616 1230 3670 multos
1243 3631 1277 3670 ex

149 3695 244 3750 multis
265 3698 341 3764 (poet
358 3699 432 3764 uum)
538 3696 571 3750 13
588 3712 656 3755 nunu
670 3713 690 3753 e.
709 3713 761 3755 eor.
778 3716 814 3757 or.
830 3701 850 3755 2
868 3700 932 3768 quid
949 3700 977 3757 A
1080 3701 1113 3760 15
1127 3708 1192 3775 poet
1209 3703 1279 3756 seori

147 3797 168 3838 e.
189 3781 207 3835 l.
225 3799 259 3836 ou.
277 3784 297 3836 2
315 3785 344 3837 et
362 3782 389 3837 Β
493 3781 527 3836 16
544 3782 675 3839 terribilis
692 3784 720 3841 A
738 3789 763 3838 et
781 3800 851 3841 oorr.
868 3785 900 3840 teo
919 3784 973 3841 -les
990 3785 1018 3838 Β
1118 3788 1152 3843 18
1169 3787 1279 3844 deliciae

149 3885 184 3923 aa
201 3868 248 3925 dil
268 3884 338 3925 corr.
355 3871 428 3923 Μ
451 3870 479 3924 A
581 3869 614 3929 21
638 3869 814 3929 infilioissimo
836 3872 863 3925 A
966 3871 1056 3929 neniis
1077 3871 1146 3930 AB:
1175 3874 1279 3933 naeniis

148 3970 171 4009 e.
189 3954 249 4009 edd.
269 3954 402 4011 Halmius
505 3954 792 4015 nidernmunster
810 3956 881 4013 dilin.
900 3972 967 4012 corr.
987 3972 1021 4011 uo.
1040 3959 1060 4011 2
1078 3957 1120 4026 A,
1145 3974 1182 4012 eoa
1197 3959 1280 4016 delen.

149 4041 177 4098 Β
270 4041 304 4097 25
321 4047 382 4110 port
400 4041 530 4097 eructarit
547 4040 612 4094 add.
628 4056 650 4109 p
669 4047 694 4095 et
712 4042 773 4098 edd.
792 4048 858 4098 aute
870 4044 977 4100 Halata
1001 4045 1048 4098 aut
1066 4044 1148 4098 etiam
1166 4048 1200 4099 ut
1216 4046 1280 4112 ubi,

148 4127 197 4195 qui
215 4127 368 4183 deuorando
389 4130 437 4183 tua
455 4127 544 4183 omnia
561 4125 708 4194 tradidisti,
731 4128 893 4185 redundanti
917 4128 1051 4183 cruditate
1072 4130 1132 4198 plus
1153 4134 1281 4199 praestet,

149 4215 173 4266 si
192 4213 258 4266 bene
276 4214 427 4269 domuerit?
445 4213 497 4279 cfr.
512 4213 660 4272 situ-Ber,
669 4228 700 4281 p.
712 4215 750 4268 33
840 4214 874 4269 27
892 4213 1023 4282 subdem3⁹
1038 4216 1078 4271 ote
1089 4219 1157 4270 Μ
1174 4217 1203 4270 A

201 4317 280 4372 VIII.
1145 4319 1178 4374 18
