3076 4764
509 291 548 345 ad
566 291 743 346 ecclesiam
766 292 781 345 Ι
799 296 814 357 5
832 292 944 346 55-61.
1228 294 1292 359 243

163 502 216 548 nes
254 471 403 548 barbaras
431 481 648 565 indigentibus
676 482 765 564 quasi
792 497 935 546 nummos
964 481 1036 546 dare
1065 482 1185 546 autin
1213 499 1291 563 pau-

162 605 272 671 perum
301 586 397 686 stipes
427 585 540 651 diffusa
563 585 652 668 longe
676 603 711 649 ac
733 585 798 649 late
822 602 917 668 regua
938 586 1065 648 connert
1066 602 1126 648 ere.
1165 586 1195 647 et
1222 584 1291 647 ideo

162 689 313 772 propheta
328 677 509 773 ‘'peccata
525 679 674 770 inquit‘t
682 706 728 752 ua
749 687 789 751 in
812 688 1099 752 misericordiis
1122 683 1289 765 redime,

162 794 219 858 hoc
243 793 307 857 est·
318 811 442 857 aurum
465 792 504 856 da
526 791 842 874 indigentibusque
864 809 926 857 non
947 795 1002 874 pot
1003 798 1035 855 e's
1049 809 1179 875 regnum
1197 789 1290 856 dare:

140 895 345 961 eiacultatem
370 895 532 976 distribue,
556 895 629 977 quia
650 896 840 979 potestatem
863 914 924 960 nou
940 898 1025 961 ucles
1047 911 1228 978 prorogare:
1252 911 1289 958 ao

161 1018 216 1080 per
244 999 301 1063 hoc
325 998 460 1062 uidetur
486 999 624 1076 iussisse,
658 999 695 1063 ιιι
723 1002 827 1063 totum
857 1001 956 1078 daret,
991 1017 1083 1080 quem
1106 997 1164 1063 hoc
1186 997 1321 1060 solum·

70 1104 73 1108 ’
160 1122 221 1168 non
243 1103 337 1166 iussit
359 1102 556 1183 distribuere,
580 1102 661 1183 qnod
685 1105 891 1184 conpeteret
914 1120 1049 1185 erogare.

203 1221 276 1287 Xll.
307 1221 641 1306 Exaggeramns'fiorte
657 1240 724 1286 rem
740 1221 842 1288 uerbis
859 1226 890 1288 et
906 1223 1001 1288 nimis
1017 1223 1079 1286 alte
1095 1221 1289 1285 attollimus:
1300 1226 1343 1292 59

160 1325 323 1390 uideamus
347 1343 418 1408 ergo
440 1325 472 1391 id
495 1325 597 1409 ipsum
621 1324 712 1408 quale
736 1326 787 1390 sit.
817 1328 995 1408 peccata,
1018 1326 1137 1406 inquit,
1162 1326 1228 1388 tua
1250 1323 1290 1387 in

128 1421 450 1492 romise'ricordiis
473 1427 628 1505 redime.
667 1427 742 1509 quid
765 1426 812 1492 est
835 1428 940 1510 aliqua
963 1428 1137 1491 redimere?
1171 1430 1289 1508 opinor,

161 1531 297 1612 pretium
320 1548 523 1614 rerumquae
546 1530 744 1606 redimuntur
768 1533 849 1596 dare.
882 1548 943 1594 non
966 1548 1078 1612 quaero
1101 1548 1179 1612 quae
1202 1531 1288 1595 illius

162 1633 243 1717 regis
265 1637 401 1715 peccata
414 1634 549 1714 fuerint:
571 1623 638 1717 ipse
661 1635 741 1699 sciat
756 1635 865 1715 quanti
882 1633 1024 1698 debuerit
1042 1633 1192 1698 redimere
1208 1652 1287 1715 qnae

162 1736 244 1801 fecit.
259 1765 262 1768 ¹
280 1741 313 1817 te
342 1737 500 1821 adloquor,
530 1739 616 1803 cuius
639 1739 813 1818 causaest,
847 1740 879 1801 te
903 1736 1044 1820 appello,
1068 1737 1154 1800 cuius
1178 1734 1291 1802 discri-

161 1858 233 1903 men
262 1840 376 1925 agitur.
413 1842 477 1905 hoo'
493 1841 597 1920 facito,
628 1840 706 1924 quod
736 1840 889 1923 propheta
911 1839 1006 1905 dixit:
1038 1844 1201 1923 peccata
1223 1841 1292 1904 tua

25 1994 27 1997 .
128 1943 200 2006 ain
236 1944 527 2010 misericordiis
561 1940 833 2009 redimendi
866 1946 990 2009 tautum
1026 1942 1082 2007 deo
1117 1936 1291 2024 relinquere

162 2049 315 2128 quantum
344 2047 448 2125 habes,
480 2049 507 2112 si
533 2045 591 2130 pro'
618 2047 755 2129 peccatis
786 2046 849 2111 tuis
880 2049 1089 2110 necessarium
1113 2064 1174 2110 non
1194 2049 1289 2127 'putas

162 2153 315 2232 quantum.
336 2151 441 2219 habes.
479 2152 610 2228 aestima
634 2149 874 2233 diligentissime
897 2150 1004 2230 culpas
1029 2167 1103 2230 quas
1124 2147 1343 2224 admisisnoo

162 2255 295 2318 aestima
320 2248 526 2334 peccatorum
561 2253 778 2317 diuersitates:
815 2252 886 2315 uide
921 2251 994 2332 quid
1027 2269 1083 2333 pro
1116 2250 1289 2316 mendaciis

163 2358 273 2422 debeas
307 2356 380 2437 quid
410 2373 464 2436 pro
494 2353 674 2418 maledictis
700 2357 793 2435 alque
823 2353 976 2436 periuriis,
1011 2352 1085 2434 qnid
1106 2370 1160 2436 pro
1185 2354 1290 2437 negle-

129 2461 279 2543 argentiis
304 2460 528 2544 cogitationum
553 2458 627 2542 quid
649 2466 703 2540 pro
727 2458 897 2541 inpuritate
919 2474 1107 2537 sermonum,
1137 2459 1210 2539 qnid
1233 2475 1290 2541 pro

164 2564 248 2628 omni
272 2562 402 2644 denique
425 2561 528 2626 malae
551 2561 724 2626 uoluntatis
747 2551 867 2641 affectu.
906 2558 983 2624 adde
1004 2562 1159 2642 postremo
1183 2561 1289 2644 etiam,

163 2669 188 2731 si
217 2668 322 2748 aliqua
351 2667 388 2730 de
417 2665 477 2730 his
498 2666 582 2729 intra
616 2663 837 2730 conscientiam
868 2667 957 2728 tuam
990 2666 1073 2742 sunt,
1108 2663 1146 2729 de
1179 2663 1291 2747 quibus

164 2771 319 2853 apostolus
341 2761 428 2852 dicit,
459 2767 611 2833 adulteria
633 2766 863 2848 fornicationes,
886 2765 1091 2848 inpudicitiae
1111 2760 1291 2846 ebrietates,

163 2873 355 2937 inmunditia
370 2875 431 2937 'deo
454 2889 545 2936 exosa
568 2872 702 2936 auaritia
728 2869 891 2950 idolatriae
914 2869 1040 2948 famula,
1056 2872 1102 2934 'et
1124 2872 1192 2953 post
1216 2866 1291 2936 haec

130 2975 365 3059 sealiquat
302 2973 391 3040 forte
407 2971 561 3040 crimina
583 2975 677 3040 etiem
711 2975 748 3038 de
779 2974 908 3038 humani
946 2973 1107 3082 sanguinis
1135 2974 1292 3040 effusione

165 3081 363 3145 contracta
371 3086 502 3162 cumque
534 3079 673 3143 omnium
703 3070 917 3160 supputaneris
948 3074 1122 3162 nnmerum,
1153 3080 1289 3162 expende
1301 3077 1340 3144 61

164 3183 264 3265 pretia
291 3183 494 3264 singulorum.
534 3172 657 3264 etpost
684 3167 760 3245 haec
788 3198 849 3244 nou
872 3179 993 3263 quaero,
1024 3184 1058 3245 ut
1079 3200 1135 3262 pro
1158 3183 1291 3264 peccatis

163 3284 226 3348 tuis
256 3286 303 3350 tot
290 3288 357 3350 tum
387 3286 442 3350 deo
471 3278 583 3351 tradas
610 3285 691 3366 quod
722 3283 835 3350 habes:
870 3284 928 3348 hoc
957 3285 1058 3350 solum
1088 3286 1180 3351 redde
1206 3285 1290 3367 quod

165 3388 266 3454 debes.
306 3389 383 3453 addo
417 3390 522 3455 autem
555 3392 625 3471 post
653 3388 714 3452 ista
743 3389 856 3466 omnia,
891 3388 971 3469 qnod
1001 3406 1071 3452 cum
1104 3387 1290 3452 tractareris

130 3491 279 3556 eodelicta
302 3495 357 3556 tua
379 3494 473 3574 atque
495 3491 659 3574 tanaueris,
683 3496 770 3577 tanto
792 3493 863 3574 plus
878 3510 932 3574 pro
956 3492 1046 3556 malis
1070 3491 1134 3556 tuis
1150 3491 1295 3570 debebis„

267 3652 300 3706 23
324 3651 383 3726 Gal.
401 3653 417 3705 5
486 3707 488 3713 .

215 3798 399 3854 ddistribuae
416 3774 446 3876 ΒΙ
462 3804 488 3853 et
503 3805 598 3868 punct.
618 3815 634 3852 a
651 3798 678 3853 A
703 3809 706 3817 '
763 3813 903 3868 prerogare
922 3815 955 3853 eu
972 3814 1116 3868 prorogare
1136 3814 1206 3853 corr.
1224 3814 1250 3852 m
1272 3801 1292 3853 2

163 3886 191 3938 A
255 3905 257 3910 ·
303 3886 537 3954 Sercggerdmus
563 3885 591 3939 Β
659 3886 721 3969 [⁰²⁶
748 3901 797 3940 om.
824 3886 852 3939 Β
961 3887 1042 3938 nimis
1072 3885 1127 3959 alte
1154 3887 1180 3940 A
1208 3884 1292 3954 (quod

164 3970 305 4024 Halmium
317 3971 417 4041 sopiti:
436 3971 490 4025 alte
502 3971 583 4024 nimis
602 3971 631 4025 Β
710 3971 740 4026 Il
760 3973 893 4041 praetium
911 3972 939 4025 A
949 3973 1013 4026 item
1025 3977 1049 4036 ι.
1061 3974 1098 4026 ’61
1117 3971 1224 4042 praetia

166 4057 198 4109 13
216 4055 301 4123 apelle
319 4057 348 4110 Β
447 4057 478 4112 17
497 4057 789 4112 aestima—admisisti
807 4059 880 4143 ”³22
897 4058 929 4111 dou
947 4073 1029 4141 ouorp
1049 4058 1076 4112 B
1127 4075 1130 4079 ·
1171 4057 1209 4111 v18
1227 4056 1296 4127 qnid

165 4157 199 4194 ecc
222 4140 292 4207 qnod
316 4156 386 4196 corr.
404 4159 438 4196 m.
458 4145 478 4197 2
499 4144 527 4196 A
630 4143 664 4197 21
693 4143 763 4197 male
789 4144 816 4197 A
879 4159 881 4162 ⁴
920 4143 955 4197 24
980 4141 1168 4197 inmundioitlu
1194 4143 1222 4196 Β

164 4226 197 4279 21
216 4227 317 4294 praetia
335 4229 362 4282 A
467 4228 501 4283 30
519 4228 592 4284 debis
610 4229 638 4282 B
656 4235 682 4285 et
699 4245 767 4284 corr.
785 4232 855 4283 ιιι
883 4227 991 4283 debebis
1008 4231 1036 4283 A

1136 4331 1189 4386 16*
