3076 4764
737 227 893 282 Saluiani

631 504 861 588 EPISTOLA
893 504 990 587 VIII.

219 713 235 776 l
269 712 429 778 Domino
453 715 490 777 et
512 712 617 781 dulci
639 731 705 778 suo
722 711 912 778 Eucherio
935 712 1117 794 episeopo
1136 679 1351 776 Saluianus.

289 833 365 916 Legi
387 833 491 912 libros,
515 851 591 916 quos
613 832 829 911 transmisisti,
860 832 933 897 stilo
956 831 1066 896 breues
1089 830 1229 896 doctrina
1251 833 1373 906 uberes,

246 937 377 1001 lectione
400 935 556 1018 expeditos
579 937 784 1001 instructione
807 935 970 1018 perfectos,
994 934 1094 999 menti
1116 937 1190 998 tuae
1205 935 1237 998 et
1260 933 1373 1016 pietati

246 1058 344 1122 pares.
379 1057 435 1104 nec
457 1039 563 1117 miror,
587 1041 668 1122 quod
689 1041 756 1104 tam
777 1040 855 1104 utile
878 1056 914 1103 ac
937 1037 1101 1120 pulchrum
1121 1054 1197 1120 opus
1219 1038 1257 1101 ad
1280 1035 1371 1101 insti·
1396 1056 1409 1097 5

245 1142 400 1208 tutionem
423 1141 621 1225 potissimum
644 1146 823 1208 sanctorum
839 1160 876 1207 ac
891 1141 1053 1206 beatorum
1076 1140 1242 1224 pignorum
1265 1138 1372 1204 eondi-

215 1244 330 1314 adisti.
365 1263 437 1310 cum
467 1245 551 1309 enim
580 1245 727 1309 eximium
750 1244 852 1309 ineis
882 1243 1035 1325 templum
1065 1244 1120 1307 deo
1150 1242 1371 1322 aedificaueris,

245 1350 386 1412 doctrina
416 1363 514 1413 nouae
541 1347 724 1413 eruditionis
752 1347 840 1431 quasi
872 1363 1031 1411 summum
1065 1345 1196 1411 aedificii
1228 1346 1276 1410 tui
1305 1346 1372 1410 eul-

242 1468 314 1515 men
345 1453 478 1528 ornasti,
512 1451 544 1516 et
576 1451 612 1515 ut
644 1452 763 1517 indoles
794 1455 918 1516 sanctae
952 1469 1046 1533 aeque
1074 1449 1215 1514 doctrina
1243 1467 1280 1515 uc
1301 1447 1371 1513 uita

244 1551 497 1630 inlustrarentur,
532 1573 607 1636 quos
639 1555 754 1620 morali
784 1554 982 1618 institutione
1015 1552 1204 1618 formareris
1234 1551 1370 1634 spiritali
1382 1572 1408 1612 ro

244 1657 450 1721 instructione
472 1657 635 1721 decorasti.
667 1661 809 1739 superest
831 1658 868 1721 ut
883 1657 1026 1722 dominus
1045 1657 1119 1720 deus
1142 1658 1258 1734 noster,
1282 1654 1371 1721 cuius

245 1757 324 1821 dono
348 1757 613 1823 admirandissimi
635 1759 761 1823 iuuenes
784 1759 864 1823 tales
886 1762 969 1836 sunt,
992 1777 1081 1841 pares
1098 1776 1149 1822 eos
1165 1757 1259 1822 faeiat
1281 1756 1371 1820 libris

246 1861 321 1931 tuis,
345 1860 377 1922 id
401 1862 455 1935 est,
478 1860 515 1923 ut
536 1860 682 1941 quiequid
700 1860 748 1925 illi
765 1861 921 1926 continent
936 1861 968 1938 in
986 1862 1146 1944 mysterio,
1168 1861 1225 1925 hoc
1240 1861 1371 1940 uterque

243 1960 372 2026 illorum
406 1962 518 2027 hebeat
547 1963 580 2025 in
610 1982 712 2028 sensu.
751 1966 783 2027 et
806 1964 879 2045 quia
901 1964 966 2028 iarn
999 1963 1229 2047 dispensatione
1263 1963 1370 2027 diuina

245 2065 338 2145 atque
361 2064 475 2129 iudicio
499 2067 592 2130 etiam
616 2066 759 2149 magistri
777 2066 978 2130 eeclesiarum
994 2085 1060 2130 esse
1077 2070 1253 2148 coeperunt,
1276 2064 1370 2130 donet
1381 2085 1407 2127 1⁵

242 2166 302 2232 hoc
334 2168 550 2252 benignissimi
578 2169 628 2234 dei
656 2170 765 2251 pietas,
799 2172 835 2234 ut
863 2170 1007 2235 doctrina
1034 2169 1161 2234 illorum
1184 2168 1304 2233 fructus
1326 2167 1370 2232 sit

243 2271 445 2335 ecclesiarum
477 2276 507 2336 et
541 2275 615 2336 tuus
649 2273 849 2355 profectuque
883 2272 1144 2337 excellentissimo
1178 2276 1243 2335 tam
1277 2270 1370 2336 illurn

221 2373 360 2452 ¹sternent,
382 2394 401 2440 a
424 2392 483 2457 quo
507 2377 582 2439 sunt
605 2375 712 2458 geniti,
735 2394 829 2457 quam
851 2392 994 2456 eosquos
1016 2375 1077 2456 ipsi
1091 2392 1148 2438 sua
1169 2372 1370 2436 institutione

241 2479 472 2560 generauerint.
511 2478 648 2561 mihique
677 2479 746 2561 hoc,
777 2479 836 2544 etsi
863 2497 924 2542 non
952 2479 1035 2542 inter
1064 2478 1178 2555 omnia,
1211 2478 1294 2540 certe
1316 2475 1369 2540 uel

241 2584 310 2662 post
342 2581 447 2646 omnia
475 2581 652 2647 misericors
682 2580 757 2646 deus
780 2580 908 2659 tribuat,
937 2583 973 2644 ut
996 2579 1050 2661 qui
1072 2580 1199 2644 fuerunt
1222 2577 1406 2659 discipulioo

242 2685 398 2767 quondam
420 2686 491 2760 mei,
515 2685 579 2749 sint
601 2702 682 2750 nuno
698 2684 810 2748 cotidie
825 2687 963 2748 oratores
979 2683 1050 2750 mei.
1080 2685 1160 2759 uelo,
1183 2682 1228 2747 mi
1244 2683 1368 2747 domine

242 2790 273 2851 et
296 2787 395 2852 dulcis
418 2807 514 2852 meus.

293 3044 305 3096 1
326 3042 416 3095 acriis
433 3041 592 3095 lectionibus
610 3043 695 3095 triam
713 3039 788 3094 codd.
805 3040 897 3094 Puris.
917 3041 994 3108 epod
1011 3040 1156 3095 Halmium
1172 3042 1204 3094 e'a
1220 3041 1272 3096 laco
1289 3042 1368 3110 epist.

240 3125 389 3182 edicamus
406 3127 532 3181 reseces
549 3129 643 3196 quarti
660 3127 718 3181 cod.
736 3126 829 3181 Paris.
846 3143 873 3180 n.
892 3129 965 3182 2182
981 3125 1039 3194 (D),
1058 3127 1150 3194 quinti
1166 3143 1234 3181 aero
1251 3146 1279 3181 a.
1297 3131 1368 3183 1791

240 3217 273 3267 ut
295 3213 406 3280 tadmor
428 3219 509 3267 notae
531 3219 557 3266 et
574 3213 652 3266 uitiis
668 3213 795 3266 scatentis
813 3214 950 3266 omisimus
1052 3215 1084 3265 ia
1101 3213 1131 3267 D
1149 3215 1229 3270 taem.
1248 3220 1301 3268 eet:
1322 3213 1367 3269 In·

239 3297 307 3367 cipit
329 3299 443 3366 epistola
465 3298 539 3352 beati
563 3298 683 3352 Saluieni
706 3298 741 3351 ad
766 3302 885 3352 sanctum
909 3299 1069 3353 Eucherium
1088 3299 1295 3368 Lugdunensem
1313 3301 1368 3369 epi-

238 3399 346 3454 scopnrn
449 3386 465 3438 2
491 3385 607 3438 Domino
634 3385 732 3439 orosi
758 3385 797 3439 lit.
821 3387 849 3438 A
952 3386 1023 3439 dulci
1049 3402 1096 3439 suo
1113 3386 1182 3440 AD:
1212 3387 1366 3440 dulcissimo

238 3471 305 3536 1303
333 3471 384 3538 cfr.
397 3477 552 3540 postremas
569 3472 698 3539 epistotae
716 3487 796 3526 uoces
896 3471 1039 3525 Saluianus
1058 3470 1128 3525 AD:
1157 3472 1277 3526 silnanus
1296 3488 1366 3540 pres-

238 3557 316 3626 byter
334 3557 386 3612 ΒΟ
402 3557 734 3626 (VorenusParc's.1791)
830 3559 847 3611 3
865 3558 950 3611 obiter
968 3573 1061 3612 moneo
1078 3559 1110 3611 c'a
1129 3559 1187 3613 cod.
1206 3557 1368 3614 Sessora'aoo

238 3648 304 3696 teste
321 3643 564 3710 AReiffereeioea'd:
588 3643 671 3708 (Boot.
687 3648 804 3712 potrum
821 3644 867 3697 lat.
887 3644 947 3710 lp.
966 3645 1028 3712 141)
1047 3649 1112 3712 poet
1134 3644 1216 3697 libros
1238 3643 1367 3698 additum

239 3743 295 3782 esse
321 3731 391 3791 tuos,
420 3735 445 3782 et
465 3729 579 3783 eamdem
604 3729 704 3783 datm
721 3733 784 3784 c.7
812 3729 937 3783 Siluanus
955 3729 1094 3798 presbyter
1197 3730 1214 3782 6
1241 3729 1365 3782 beatissi-

237 3829 343 3868 morum
362 3814 389 3866 B
488 3831 518 3868 aa
535 3815 674 3869 beatorum
692 3815 836 3883 pignorum
853 3831 903 3869 oea.
927 3815 950 3870 0
1052 3816 1226 3870 lersimium
1244 3816 1299 3871 ΒΟ

238 3899 255 3952 9
278 3897 381 3952 indoles
404 3904 532 3968 scae-eque
555 3902 583 3954 A
687 3899 719 3953 10
741 3900 913 3954 institutione
937 3901 966 3954 D
983 3917 1017 3954 oa
1036 3904 1057 3955 2
1074 3917 1096 3957 s·
1114 3901 1131 3954 i.
1237 3899 1269 3953 12
1296 3900 1367 3953 dono

237 3984 308 4039 AD:
328 3984 398 4039 dona
414 3986 469 4041 BG
559 3987 591 4039 15
610 3986 717 4055 ecclesie
734 3985 765 4039 D
852 3987 885 4040 16
903 3985 1095 4055 benignissima
1112 3986 1171 4040 BD
1259 3986 1290 4039 17
1308 4000 1366 4054 pro-

237 4071 312 4126 fectu
330 4071 422 4140 queG
447 4075 573 4140 prouentu
590 4073 617 4125 B
722 4071 875 4126 soluerint
894 4073 948 4128 Bc
1050 4072 1082 4125 21
1100 4073 1222 4141 quotidie
1238 4073 1265 4125 A
