3076 4764
239 272 310 338 188
552 320 555 330 ,
732 270 889 327 Saluiam

247 460 372 543 publico
406 463 509 525 metus
542 460 666 542 legum,
703 477 741 525 ac
772 459 818 525 sic
849 458 969 540 duplici
1000 458 1154 540 praesidio
1188 459 1373 530 castimonia

247 563 407 638 niteretur,
442 582 513 628 oum
540 565 574 628 et
603 563 690 629 intus
725 567 807 628 esset
838 561 919 645 quod
948 564 1107 628 amaretur
1134 564 1166 628 et
1191 562 1266 629 foris
1288 565 1372 647 quod

246 665 421 731 timeretur.
460 667 545 750 leges
574 667 680 732 autem
708 666 796 748 ipsae
825 681 1022 748 nequaquam
1051 666 1117 730 illis
1147 669 1223 731 sunt
1249 667 1371 750 legibus

187 781 190 794 ¹
247 771 481 847 consentaneae,
505 787 585 851 quae
607 771 653 834 ita
675 772 798 850 partem
819 767 1035 850 improbitatis
1050 770 1220 847 remouent,
1243 770 1280 832 ut
1301 788 1373 850 par·

246 873 312 935 tem
334 871 533 940 obscenitatis
556 871 738 951 admittant,
762 873 819 936 aut
840 875 877 935 ut
899 870 1039 937 Romana
1060 872 1116 936 illa
1138 873 1270 950 decreta,
1294 890 1408 954 quaes

246 976 431 1039 scortatores
453 975 577 1057 quidem
601 976 640 1039 ab
664 974 775 1040 alienis
798 974 944 1039 uxoribus
967 977 1176 1050 remotarum,
1201 974 1241 1039 ad
1263 992 1372 1040 omnes

247 1079 352 1140 antem
375 1077 532 1142 solitarias
554 1079 672 1162 passim
694 1077 895 1156 admiserunt,
926 1077 1081 1143 adulteria
1102 1079 1257 1156 notantes,
1281 1078 1372 1160 lupa-

246 1178 334 1243 naria
357 1179 566 1246 aedificantes.
595 1181 771 1247 timuerunt
791 1179 939 1246 uidelicet
962 1200 1002 1245 ne
1023 1181 1119 1245 nimis
1136 1180 1215 1246 casti
1230 1180 1371 1246 homines

245 1299 282 1346 ao
302 1281 374 1363 puri
396 1283 510 1361 essent,
534 1284 562 1348 si
584 1283 623 1349 ab
637 1285 724 1351 omni
739 1301 792 1355 eos
814 1283 940 1366 penitus
956 1284 1138 1366 impuritate
1159 1283 1371 1366 prohiberent.

174 1379 280 1448 100at
312 1404 375 1451 non
406 1386 454 1451 ita
487 1386 551 1464 isti,
588 1387 625 1451 de
658 1386 771 1468 quibus
800 1386 972 1468 loquimur:
1011 1387 1065 1469 qui
1093 1386 1138 1451 sic
1169 1386 1372 1451 inhibuerunt
1381 1407 1406 1448 ro

246 1487 348 1554 scorta
369 1492 406 1552 ut
428 1488 591 1570 adulteria,
613 1489 668 1572 qui
691 1494 723 1556 et
744 1489 876 1555 feminas
894 1488 994 1562 ¹nullis
1017 1490 1126 1554 uolunt
1149 1507 1215 1554 esse
1238 1489 1371 1554 feminas

244 1591 306 1655 nisi
327 1591 450 1656 maritis
472 1592 548 1672 suis,
575 1595 607 1658 et
629 1593 714 1661 uiros
736 1593 832 1658 nullis
854 1592 965 1658 uolunt
987 1592 1171 1661 mulieribus
1194 1611 1262 1668 esse
1284 1611 1370 1658 mas·

243 1695 330 1760 culos
357 1695 417 1760 nisi
444 1696 589 1761 uxoribus
619 1696 695 1774 suis,
719 1695 772 1779 qui
796 1697 922 1779 euagari
945 1697 1091 1763 obscenas
1114 1694 1259 1761 libidines
1282 1697 1370 1760 extra

242 1797 421 1880 legitimum
454 1800 556 1863 torum
586 1817 649 1864 non
676 1799 793 1878 sinunt,
827 1799 912 1882 leges
940 1817 1011 1864 suae
1040 1799 1161 1864 scilicet
1183 1799 1224 1865 ad
1245 1795 1370 1863 diuinae

242 1898 321 1982 legis
354 1899 495 1982 regulam
528 1901 707 1984 dirigentes,
743 1901 780 1965 ut
807 1901 886 1966 nihil
902 1926 904 1930 ³
918 1900 978 1967 sibi
1006 1903 1040 1966 in
1071 1901 1131 1967 hac
1152 1921 1185 1967 re
1209 1901 1403 1968 crederentra

242 2002 345 2081 licere,
379 2006 459 2086 quod
493 2007 565 2070 deus
598 2003 700 2069 uoluit
721 2020 782 2068 non
810 2004 915 2069 licere.
950 2010 982 2068 et
1003 2003 1073 2068 ideo
1096 2021 1156 2067 non
1179 2004 1370 2086 putauerunt

150 2107 151 2110 ’
242 2125 315 2172 ase
337 2107 395 2172 ulli
425 2107 543 2173 homini
571 2108 825 2190 permittendum,
854 2107 915 2173 nisi
947 2107 1028 2190 quod
1051 2106 1160 2172 fuisset
1183 2106 1369 2171 omnibusa

242 2209 412 2275 diuinitate
433 2213 629 2293 permissum.

171 2339 231 2407 101
284 2329 417 2413 xxxin(
437 2347 505 2412 sen
527 2335 602 2430 qna
622 2347 833 2437 intorserint
849 2347 1036 2430 quibusdam
1051 2347 1197 2413 uidentur
1211 2348 1273 2414 ista
1287 2366 1367 2431 quoe

242 2451 396 2517 dicimus:
419 2452 473 2516 sed
494 2452 615 2517 ratione
637 2470 742 2515 rerum
765 2452 918 2534 agendum
942 2454 999 2528 est,
1022 2468 1083 2515 non
1101 2451 1231 2516 libidine
1253 2451 1402 2517 uolun·ro

240 2555 353 2620 tatum.
383 2553 471 2620 ‘dicat
497 2553 577 2618 mihi
606 2553 747 2635 quisquis
775 2552 829 2618 ille
860 2554 916 2632 est,
946 2554 999 2635 qui
1028 2553 1211 2637 indignatur
1232 2572 1283 2618 me
1304 2554 1367 2618 ista

190 2742 192 2747 ,
241 2656 356 2723 dicore:
384 2657 535 2739 numquid
565 2675 626 2722 non
648 2655 897 2740 sapientissimus
920 2654 1063 2720 omnium
1085 2655 1223 2721 Socrates
1245 2675 1367 2738 semper

241 2759 438 2824 existimatus
467 2760 524 2836 est,
559 2759 738 2824 testimonio
773 2759 894 2824 scilicet
928 2758 1024 2824 etiam
1053 2759 1163 2825 Delfici
1197 2759 1366 2839 daemonis,

241 2862 296 2944 qui
329 2864 417 2944 qnasi
449 2863 590 2944 princeps
623 2861 876 2946 philosophorum
905 2864 986 2928 sicut
1015 2862 1247 2928 daemoniorum
1276 2863 1366 2928 erat?

241 2962 404 3030 uideamus
435 2981 508 3046 ergo
535 2981 614 3046 quas
642 2963 782 3030 Socrates
805 2967 843 3030 de
872 2966 1026 3048 pudicitia
1056 2966 1142 3047 leges
1176 2967 1311 3031 sanxerit
1334 2968 1400 3034 etna

292 3253 309 3306 2
331 3252 472 3322 niteretur]
497 3251 654 3307 uisitaretur
677 3253 705 3307 B
806 3253 824 3308 3
846 3254 955 3308 illisunt
974 3270 995 3309 a.
1012 3271 1064 3310 scr.
1082 3256 1130 3310 alt.
1149 3273 1161 3310 s
1180 3273 1213 3310 m.
1231 3258 1252 3311 2
1269 3257 1297 3310 A

238 3339 405 3396 bamittant
421 3340 449 3393 B
537 3337 704 3407 llupinaria
721 3355 805 3409 semer
821 3341 851 3409 pi
868 3357 920 3396 aar.
939 3356 955 3394 a
971 3344 1039 3395 ora
1055 3341 1083 3396 A
1135 3397 1139 3408 ,
1173 3341 1206 3397 10
1224 3342 1258 3396 ad
1274 3358 1296 3397 s.
1314 3358 1365 3397 aer.

240 3426 304 3480 tm.
322 3428 343 3480 2
361 3425 388 3479 A
492 3424 533 3478 ita
554 3424 612 3494 isti]
638 3425 670 3479 de
687 3426 770 3480 tertia
786 3426 947 3492 confusione
963 3427 996 3482 a‘a
1014 3443 1031 3481 u
1048 3433 1076 3482 et
1092 3427 1133 3482 ed.
1148 3443 1195 3496 pr.
1213 3429 1277 3484 baec
1293 3429 1364 3483 toci-

234 3513 330 3582 pieatc
347 3512 383 3578 cf.
402 3510 549 3566 Sita-Ber.
564 3526 595 3580 p.
612 3513 655 3565 22
758 3511 791 3565 12
809 3513 837 3566 et
853 3512 1093 3567 uiros-uxoribus
1111 3513 1169 3568 auis
1185 3514 1213 3569 A
1229 3515 1261 3569 a‘a
1278 3529 1364 3586 muro.

238 3597 373 3664 inferiore
390 3597 468 3651 babet
487 3595 642 3651 m.2ocl1
660 3600 720 3662 (om.
739 3597 821 3652 ettam
839 3597 873 3662 Τ)
964 3598 1134 3653 mulieeribus
1153 3599 1181 3654 A
1276 3601 1308 3655 14
1326 3601 1364 3655 la·

238 3683 379 3750 gittimum
397 3680 506 3735 thorum
525 3682 552 3737 R
657 3682 690 3736 15
708 3683 776 3751 legis
794 3698 829 3737 en
844 3682 917 3752 leges
934 3685 962 3737 A
979 3699 1049 3741 corr.
1066 3687 1139 3740 Μ
1241 3685 1305 3756 sibi]
1324 3686 1363 3741 ibi

233 3767 266 3824 A
369 3767 402 3821 16
429 3766 509 3822 licere
531 3769 607 3836 (ocor
626 3771 690 3835 non)
715 3784 765 3828 om.
783 3768 811 3821 B
829 3773 898 3823 m.1
1007 3771 1040 3824 17
1064 3770 1108 3825 illi
1128 3786 1213 3840 asper
1235 3773 1361 3840 irrotare

236 3869 289 3908 aer.
308 3870 326 3906 u
343 3869 377 3906 m.
395 3856 414 3908 2
431 3855 458 3907 A
560 3854 595 3908 20
612 3855 785 3910 uoluntatem
803 3854 947 3911 Halmius:
971 3857 1142 3925 uoluptatum
1160 3858 1195 3923 A,
1221 3857 1283 3912 uolo
1300 3861 1365 3912 tan·

238 3941 297 3992 tum
316 3935 344 3992 B
429 3939 460 3993 21
480 3939 788 3997 incarceratam
876 3941 910 3994 22
927 3941 1026 4006 dicere;
1043 3941 1173 4011 numquid
1191 3945 1363 3998 non...erat.

236 4024 411 4093 interposuerit
428 4041 490 4080 com
506 4025 569 4081 edd.
586 4026 718 4081 Halmius
814 4045 907 4083 numae
924 4045 976 4083 non
994 4045 1048 4099 sap.
1067 4030 1096 4084 B
1190 4030 1312 4084 Socrates
1329 4046 1364 4085 aa

237 4109 354 4165 Socratis
380 4111 408 4163 A
434 4127 503 4166 corr.
528 4114 601 4167 Μ
626 4112 669 4167 bic
695 4119 721 4168 et
747 4114 840 4169 doum
865 4115 907 4170 bia
1020 4115 1055 4169 23
1080 4115 1163 4171 etiam
1189 4131 1239 4171 om.
1266 4115 1295 4169 B

236 4196 270 4250 25
288 4196 420 4251 sancxerit
437 4198 465 4251 A
