3076 4764
231 303 303 360 VIII

232 490 416 566 censendo
443 490 688 566 adhibitorum
708 499 743 564 et
760 491 823 565 uia
848 491 888 565 in
914 491 1177 567 constituendis
1199 489 1365 566 Saluiani

231 611 357 687 uerbis
384 636 407 685 a
434 635 494 684 me
519 609 611 683 inita
637 619 874 685 monstretur.

282 764 402 865 Igitur
429 790 522 863 quos
549 762 701 838 adhibui

343 903 389 976 in
415 899 563 975 libris
590 899 679 974 VIII
708 900 761 975 de
788 899 1147 999 gubernatione
1174 900 1251 976 dei

230 1041 376 1118 codices
402 1038 442 1112 hi
468 1048 572 1113 sunt:

268 1179 304 1252 A
333 1161 390 1267 εε(
409 1177 523 1252 codex
557 1173 789 1251 Oorbeiensis
823 1200 924 1250 nunc
953 1175 1142 1251 Parisinus
1168 1203 1203 1252 n.
1236 1177 1364 1251 13385

333 1321 426 1370 saec.
444 1294 491 1386 X,
520 1293 686 1369 omnium
714 1282 902 1394 quotquot
918 1293 1164 1369 *innotuerunt
1192 1295 1361 1371 codicum

333 1427 369 1490 et
386 1414 662 1514 antiquissimus
681 1425 717 1488 et
736 1414 907 1514 optimus.
932 1413 1113 1514 ipsepost
1130 1414 1359 1490 Halmium

333 1534 483 1612 contuli.
531 1533 746 1608 nitidissime
779 1534 901 1634 prima
936 1560 1050 1608 manu
1085 1547 1255 1610 exaratus
1283 1562 1365 1609 sex·

333 1655 446 1730 centis
473 1653 565 1730 locis
592 1654 735 1752 antiqui
756 1680 803 1728 ne
822 1654 943 1730 dicam
961 1655 1126 1754 aequalis
1145 1656 1360 1731 correctoris

262 1805 265 1809 ’
333 1801 440 1852 ouras
468 1785 637 1875 expertus
657 1785 712 1850 est
731 1772 854 1849 dedita
877 1800 990 1875 opera
1009 1786 1044 1850 et
1071 1775 1361 1851 fructuosissime

331 1895 370 1969 in
413 1920 455 1970 eo
496 1894 644 1994 negotio
690 1895 846 1985 uersati3
894 1894 1067 1970 uidelicet
1108 1882 1209 1970 haud
1243 1920 1361 1996 pauca

332 2012 421 2088 olim
454 2002 687 2089 aberratione
706 2003 917 2088 soculorum
952 2013 1087 2089 omissa
1122 2014 1158 2087 in
1182 2014 1365 2114 margine

262 2150 265 2157 ’
331 2133 473 2227 adiecit,
501 2131 684 2233 permulta
708 2130 803 2232 quae
829 2133 950 2234 prima
976 2160 1108 2208 manus
1128 2119 1265 2235 ‘utpote
1287 2134 1362 2211 ⁴lin·

257 2304 260 2309 »
330 2246 440 2353 'guae'
453 2253 589 2328 latinae
616 2276 663 2327 ne
689 2253 923 2328 mediocriter
942 2242 1173 2352 quidemfut
1198 2256 1359 2350 uidetur,

329 2373 448 2475 perita
474 2372 716 2449 litteris'falso
740 2372 946 2456 distributis
966 2375 1017 2470 (in
1035 2374 1241 2478 archetypo
1260 2377 1368 2450 enim-

276 2509 279 2513 ’
330 2494 508 2594 singulae
524 2518 635 2570 uoces
662 2495 781 2594 spatio
808 2494 905 2568 inter
926 2520 966 2568 se
992 2519 1113 2570 uacuo
1133 2496 1293 2570 caruisse
1321 2496 1363 2568 in

265 2634 274 2652 ²
329 2625 457 2714 aperto
502 2613 572 2715 est)
622 2613 798 2712 produxit
839 2637 930 2687 uera
973 2638 1109 2688 uocum
1160 2613 1365 2689 latinarum

330 2741 497 2808 monstra
530 2732 696 2826 remouit,
731 2731 1015 2830 interpungendi
1054 2732 1235 2806 rationem
1269 2733 1364 2808 scite

331 2849 498 2963 correxit
538 2840 667 2925 tertiae
701 2849 881 2948 denique
892 2876 1025 2964 manus
1054 2850 1206 2988 eiusque
1231 2877 1360 2929 1··ecen

244 3032 249 3041 .
329 2955 493 3072 tissimae
519 2941 834 3071 temptaminibus,
864 2956 1087 3089 paucissima
1109 2971 1140 3047 si
1154 2972 1358 3103 exceperis,

328 3065 656 3192 infelicissimist
613 3100 656 3165 ut
680 3101 934 3203 apparatum
922 3084 1090 3191 criticum
1116 3092 1309 3185 onerarem
1337 3119 1384 3170 a

304 3195 390 3286 ”me
413 3210 602 3350 inpetrare
627 3238 704 3287 non
731 3212 857 3312 potui,
895 3186 1079 3310 secundae
1105 3241 1196 3290 nero
1218 3206 1365 3290 manus

281 3318 391 3457 (ιιι.
398 3323 503 3435 2)
479 3326 600 3435 uarias
622 3326 740 3435 script
740 3359 837 3425 uras
851 3333 926 3457 lere
951 3327 1166 3437 integras
1142 3331 1365 3441 adnotaui.

263 3452 376 3545 Β
330 3524 377 3537 -.
329 3452 519 3577 -podex
529 3439 798 3575 Bruxeliensis
803 3498 850 3551 ιι,
862 3475 988 3575 10628
1015 3498 1110 3582 saec
1129 3446 1225 3549 XIII
1223 3500 1364 3575 quem

330 3614 416 3663 oum
442 3570 489 3695 ιιι
510 3589 590 3689 ipse
611 3588 820 3696 excuterem
838 3618 916 3689 non
929 3588 1178 3698 contingeret,
1201 3566 1239 3667 id
1258 3586 1369 3697 quod

269 3753 270 3758 ι
328 3707 490 3815 primum
529 3686 768 3817 uehementer
808 3690 904 3813 dein
932 3713 1055 3803 ndnus
1092 3712 1296 3811 dolebam,
1308 3713 1362 3794 Ο

288 3900 292 3907 ,
326 3825 504 3937 Keller,
534 3829 613 3938 uir¹
632 3808 735 3926 mihi
750 3829 1009 3936 amicissimus,
1042 3835 1250 3933 occasione
1262 3835 1366 3919 forte

328 3932 451 4023 oblata
468 3924 637 4048 inspexit
663 3929 728 4026 sed
754 3977 830 4026 non
855 3951 1043 4050 integrum
1071 3954 1233 4049 contulit,
1271 3955 1358 4053 quia

328 4092 405 4142 non
430 4068 553 4168 potuit
578 4095 655 4144 non
683 4069 754 4145 sibi
779 4071 1004 4199 persuadere
1031 4072 1072 4150 O.
1102 4074 1358 4180 Foltzium,

329 4186 458 4286 quim
487 4186 529 4265 O
558 4178 1096 4296 Halmi'i-u'sumleiusdem
1106 4172 1243 4280 codicis
1271 4219 1360 4270 con-
