3076 4764
542 278 580 333 ad
599 279 779 333 ecclesiam
802 277 832 333 11
856 278 1000 343 sea-47.
1273 280 1337 349 259

205 472 261 537 sed
294 473 398 554 auget,
433 468 505 550 quia
538 467 713 551 adsumptio
741 467 879 550 religiosi
906 467 1041 533 nominis
1064 468 1186 550 sponsio
1209 469 1334 534 11111-

207 575 353 656 notionis,
384 591 419 638 ac
441 591 495 655 per
525 572 582 636 hoc
609 572 697 637 tauto
719 571 790 653 plus
817 571 971 653 quispiam
994 571 1084 635 debet
1107 589 1196 654 opere
1219 576 1334 653 quanto

208 679 276 760 plus
292 677 472 759 promiserit
487 676 685 759 professione,
702 675 875 740 secundum
891 675 987 740 illud:
1012 675 1154 740 melius
1177 677 1238 740 est
1260 694 1337 741 non

208 800 349 847 uouere
371 799 482 864 quam
504 780 593 861 post
616 783 747 843 uotum
771 780 965 860 promissa
988 796 1061 843 nou
1084 779 1256 843 reddere.

185 920 200 960 a
251 902 289 966 X.
320 903 379 967 Sed
402 901 532 968 forsitan
555 901 632 967 dicit
655 900 787 983 aliquis:
819 901 846 966 si
869 901 944 966 haec
965 901 1011 966 ita
1034 902 1118 981 sunt,
1143 900 1241 966 tutior
1264 901 1392 986 ergo44

209 1008 258 1070 est
279 1006 503 1090 inreligiositas
534 1023 629 1088 quam
652 1004 771 1086 religio.
811 1005 950 1069 minime.
989 1004 1152 1088 religiosus
1177 1004 1260 1069 enim
1283 1022 1337 1086 per

209 1111 265 1174 hoo
288 1115 335 1174 est
359 1110 491 1188 debitor,
516 1111 596 1192 quod
615 1109 777 1192 profitetur
793 1108 985 1194 religiosum,
1008 1108 1205 1191 inreligiosus
1229 1111 1337 1172 autem

208 1232 262 1294 per
284 1213 325 1288 id,
356 1215 437 1296 quod
468 1212 639 1295 neglexerit
661 1210 861 1296 religionem3
893 1229 930 1276 ac
951 1230 1005 1294 per
1027 1211 1084 1276 hoc
1106 1212 1196 1276 ambo
1220 1209 1337 1274 habeut

208 1333 262 1397 pro
298 1317 479 1381 diuersitate
513 1315 701 1381 condicionis
736 1315 876 1381 debitum
911 1334 1011 1380 sunm.
1050 1314 1213 1398 religiosus
1248 1314 1339 1378 debet

172 1437 199 1476 ιο
209 1419 360 1500 quidquid
390 1438 421 1483 se
452 1419 604 1502 professus
636 1422 683 1485 est
713 1418 886 1500 agnouisse,
918 1417 1114 1499 inreligiosus
1143 1435 1218 1481 uero
1242 1417 1338 1482 etiam

210 1525 290 1605 quod
314 1540 375 1587 non
399 1524 545 1605 dignatur
567 1541 744 1607 agnoscere,
769 1525 938 1587 secundum
954 1521 1039 1603 illud,
1063 1520 1145 1603 quod
1160 1518 1339 1604 specialiter

209 1643 311 1691 sermo
346 1624 471 1690 diuinus
494 1628 531 1691 de
554 1645 587 1692 eo
611 1626 702 1691 dicit:
738 1625 868 1690 noluit
901 1625 1144 1708 intellegere
1178 1629 1220 1689 ut
1242 1626 1339 1689 bene

209 1732 353 1811 ageret.
392 1730 446 1793 sed
469 1729 574 1793 tamen
598 1730 669 1811 qnia
693 1746 834 1793 onerasse
857 1728 1019 1813 religiosos
1049 1728 1106 1793 hac
1128 1748 1161 1792 re
1184 1728 1336 1807 uidemur,
1349 1728 1394 1796 45

211 1832 283 1913 quia
308 1833 526 1914 professionem
550 1831 683 1897 nominis
707 1833 903 1913 sponsionem
926 1849 992 1897 esse
1007 1830 1142 1897 diximus
1165 1830 1337 1915 religionis,

175 1953 200 1993 1⁵
209 1955 425 2001 remoueamns
452 1935 532 1999 hano
553 1934 720 2012 sarcinam,
751 1935 896 2016 putemus
920 1953 980 2000 non
1004 1935 1050 2000 ita
1075 1953 1142 2000 esse
1165 1953 1242 2019 quae
1266 1932 1338 1998 diui.

210 2038 439 2104 consideremus
462 2057 523 2104 non
547 2038 620 2120 quid
644 2037 830 2120 professione
854 2039 906 2103 sed
930 2040 1004 2120 qnid
1026 2039 1157 2118 ratione,
1182 2057 1242 2102 uon
1265 2037 1340 2119 quid

209 2145 282 2205 uoto
306 2145 357 2206 sed
391 2142 463 2223 qnid
487 2142 672 2206 salubritate
704 2141 771 2222 ipsa
798 2141 897 2206 facere
920 2141 1096 2206 debeamus.
1132 2139 1227 2206 dicite
1250 2138 1338 2216 mihi,
1350 2144 1394 2210 46

209 2261 329 2323 quaeso,
353 2263 459 2308 omnes
482 2244 629 2327 religiosi,
654 2243 805 2324 numquid
829 2250 875 2307 est
898 2244 981 2307 nllus
1004 2244 1176 2320 hominum,
1201 2244 1339 2324 quinon

210 2347 315 2409 omnia
348 2365 425 2428 quae
459 2346 535 2410 facit
563 2346 615 2410 uel
645 2346 757 2410 salutis
789 2364 862 2410 suae
887 2348 937 2409 uel
959 2349 1041 2410 certe
1064 2347 1211 2411 utilitatis
1235 2345 1339 2430 gratia

172 2448 330 2513 rofaoiat?
363 2466 463 2528 nemo,
499 2450 620 2533 opinor;
655 2466 760 2513 omnes
791 2446 874 2512 enim
896 2450 934 2513 ad
957 2448 1104 2513 affectum
1128 2450 1220 2532 atque
1245 2467 1339 2532 appe-

210 2553 306 2617 titum
329 2554 477 2618 utilitatis
499 2573 571 2618 suae
594 2557 723 2617 naturae
745 2551 843 2633 ipsius
858 2551 1037 2636 magisterio
1053 2554 1145 2635 atque
1162 2551 1338 2635 inpulsione

211 2655 375 2720 ducuntur.
414 2656 543 2738 ideoque
573 2659 603 2720 11
633 2657 686 2738 qui
716 2656 856 2721 militant
877 2655 910 2718 id
934 2654 994 2719 sibi
1017 2655 1194 2738 pulchrum,
1229 2660 1261 2720 11
1284 2655 1339 2738 qui

211 2760 410 2840 negotiantur
433 2760 464 2824 iu
488 2759 548 2823 sibi
564 2757 652 2836 utile,
676 2760 708 2822 et
724 2759 777 2840 qni
792 2757 1004 2841 agricolantur
1018 2757 1050 2823 id
1067 2758 1127 2824 sibi
1142 2758 1341 2824 fructuosum

211 2881 276 2927 esse
299 2863 487 2928 existimant.
522 2864 554 2927 11
576 2862 651 2945 quid
673 2863 788 2945 plura?
818 2863 901 2927 fures
925 2879 1044 2944 quoque
1066 2861 1126 2946 ipsi
1150 2862 1182 2926 11
1204 2861 1340 2927 latrones

172 2970 243 3029 aret
265 2965 395 3030 uenefici
426 2971 458 3031 11
488 2967 591 3031 sicarii
615 2968 645 3030 et
674 2984 762 3030 omne
792 2965 941 3047 inprobae
969 2958 1213 3032 conuersationis
1240 2984 1338 3048 genus
1376 3000 1379 3007 ·

211 3068 244 3133 id
267 3069 327 3133 sibi
356 3069 436 3151 quod
465 3071 532 3151 agit
555 3086 725 3151 congmnm
748 3070 847 3151 putat,
877 3086 938 3133 nou
960 3072 1040 3152 quod
1064 3069 1121 3133 ulli
1144 3087 1241 3152 praua
1263 3087 1338 3135 cou-

211 3172 348 3254 ueniaut,
372 3174 426 3238 sed
448 3173 530 3255 quod
553 3173 617 3251 ille,
642 3171 695 3254 qui
718 3172 824 3254 prauis
846 3173 956 3251 utitur,
980 3174 1037 3237 hoc
1059 3173 1119 3238 sibi
1135 3174 1241 3238 credat
1264 3193 1339 3238 con·

211 3292 324 3355 gruum
347 3293 413 3340 esse
436 3276 517 3358 quod
541 3293 682 3357 prauum.
713 3294 785 3358 crgo
800 3277 831 3340 et
853 3295 908 3341 nos
931 3276 1079 3355 nonalia,
1103 3278 1218 3357 opinor,
1245 3279 1393 3344 11111147

211 3378 371 3460 religionis
393 3377 619 3461 philosophiam
643 3379 852 3460 adpetiuimns
875 3397 968 3461 quam
995 3381 1074 3462 quod
1098 3379 1186 3444 nobis
1209 3379 1241 3443 id
1265 3396 1339 3443 con·

174 3484 337 3547 uouemere
371 3482 515 3548 arbitrati
550 3501 672 3563 sumus,
708 3482 881 3566 cogitamus
915 3481 1035 3547 scilicet
1064 3483 1095 3546 11
1122 3482 1336 3565 praesentium

314 3729 446 3786 alueolos.
465 3731 491 3796 5,
509 3730 527 3784 4
630 3730 662 3784 12
681 3729 751 3784 Psal.
770 3728 811 3796 35,
829 3731 847 3783 4
929 3810 931 3815 Ι

266 3963 419 4031 lreligiosi
439 3979 471 4017 11
490 3962 631 4030 religionis
650 3979 719 4017 corr.
737 3981 771 4018 m.
790 3963 854 4019 213
956 3961 1115 4016 bforsitam
1133 3963 1161 4015 A
1264 3942 1346 4015 einss

211 4049 375 4117 religiositas
393 4065 413 4103 s.
432 4065 450 4102 n
468 4064 550 4104 acar
573 4049 600 4102 B
705 4050 842 4118 71111111]
865 4049 935 4102 enim
959 4050 986 4103 B
1097 4048 1129 4102 16
1152 4047 1341 4117 professionem

207 4133 259 4188 sect
277 4152 304 4189 m
323 4153 357 4190 aa
370 4141 454 4205 parta
472 4151 539 4190 eras.
557 4136 585 4189 A
680 4135 713 4190 23
731 4137 915 4204 agricolantur
934 4153 967 4191 111
984 4136 1169 4204 agriculantur
1186 4149 1255 4189 corr.
1274 4135 1343 4188 1112

212 4220 240 4273 A
343 4221 376 4275 29
394 4221 562 4290 philosofiam
582 4222 642 4290 (stc)
661 4221 716 4275 AB

1237 4323 1288 4379 ii*
