3076 4764
549 276 589 330 ad
605 276 784 331 eeclesiam
807 275 821 331 I
840 281 855 342 l
873 277 983 331 49-55.
1266 281 1328 346 241

204 470 337 549 placent.
374 483 432 531 neo
460 468 543 532 enim
572 465 695 532 animus
720 464 829 531 dantis·
854 467 936 532 datis
965 468 1019 532 ssd
1047 469 1151 532 animo
1174 484 1332 536 commen·

205 573 318 636 dantur
340 570 423 648 data,
452 589 508 636 neo
535 572 668 653 mannia
689 569 783 637 fldem
805 569 947 636 insinuat
975 572 1029 636 ssd
1057 574 1221 654 paeoniam
1243 574 1332 642 fides.

205 691 241 738 ao
262 692 317 757 per
345 673 404 739 hos
432 675 485 757 qui
515 675 659 758 prodesse
689 674 750 739 sibi
775 675 846 738 uult
868 693 948 757 qnae
971 674 1028 740 deo
1051 676 1141 740 offert
1162 676 1220 741 hoe
1241 678 1332 743 modo

206 778 323 844 offerat.
360 797 460 860 neque
482 778 565 843 enim
588 778 680 841 homo
702 778 759 843 deo
781 781 920 861 praestat
941 777 1128 844 benefioium
1142 780 1175 844 in
1191 780 1238 845 his
1254 794 1332 864 qnae

183 881 334 961 adederit,
368 885 421 948 sed
455 883 529 947 deus
552 882 586 946 in
607 882 656 946 his
685 882 805 946 homini
834 900 912 964 quae
941 883 1102 964 acceperit,
1137 886 1210 968 quia
1235 887 1333 951 otham

205 986 286 1068 quod
315 986 408 1052 homo
437 987 532 1053 hahet
562 987 611 1051 dei
634 1005 670 1051 ao
695 986 814 1050 domini
836 988 885 1050 sui
908 1004 1021 1051 munus
1044 989 1103 1054 est.
1141 1007 1178 1053 ao
1197 1007 1253 1072 per
1275 990 1333 1054 hoo

204 1090 238 1153 in
267 1090 326 1170 his,
356 1107 435 1174 quae
464 1090 639 1155 offeruntur
666 1090 705 1156 ab
737 1086 872 1168 homine,
902 1089 995 1155 homo
1023 1108 1082 1155 non
1105 1106 1198 1157 suum
1219 1093 1333 1172 reddit,

205 1193 347 1258 dominio
369 1211 461 1259 auum
482 1193 605 1276 resipit.
642 1194 748 1276 itaque
770 1210 841 1258 eum
863 1192 956 1259 ollert
979 1195 1035 1259 de'o
1052 1195 1207 1278 quispiam
1229 1191 1388 1261 faosi-54

205 1298 287 1360 tates
310 1315 393 1374 snas,
417 1315 479 1361 non
501 1297 612 1362 offerat
627 1298 717 1380 qnasi
739 1299 993 1380 praesumptione
1010 1299 1155 1365 donantis
1171 1301 1226 1365 aed
1242 1301 1333 1383 quasi

172 1400 386 1465 1ohumilitate
416 1400 577 1480 soluentis,
609 1420 664 1466 nee
687 1401 849 1466 absoluere
871 1419 903 1466 se
925 1403 1051 1482 peecata
1073 1419 1129 1467 sua
1152 1405 1258 1468 eredat
1279 1405 1333 1469 sed

206 1505 361 1582 adleuare,
385 1521 441 1568 neo
463 1499 572 1570 offerat
590 1523 664 1570 enm
678 1505 903 1587 redemptionis
927 1503 1041 1570 fiducia
1056 1506 1111 1571 sed
1127 1525 1199 1571 oum
1214 1506 1334 1590 suppli-

207 1610 336 1673 cationis
366 1606 478 1687 offioio‚
508 1626 564 1673 neo
594 1609 683 1690 quasi
712 1611 815 1673 totum
844 1608 986 1674 debitum
1012 1609 1143 1674 reddens
1167 1613 1220 1676 sed
1243 1611 1333 1694 quasi

205 1713 258 1776 uel
286 1729 419 1795 paruum
441 1713 479 1776 de
502 1729 617 1794 magno
649 1712 777 1777 reddere
807 1712 945 1794 cupiens,
981 1713 1054 1794 quia
1083 1713 1207 1778 etiamsi
1229 1715 1335 1779 tradat
1395 1779 1419 1795 .

206 1814 1404 1899 mmmmmmfflfflmm·

172 1936 195 1974 1⁵
206 1919 420 2000 magnitudine
441 1919 650 2000 peecatorum.
685 1920 718 1984 et
737 1919 817 1996 ideo,
841 1918 916 1984 lieet
938 1918 1057 2000 offerat,
1082 1921 1149 1985 oret
1172 1921 1275 1998 deum,
1298 1923 1336 1986 ut

205 2041 261 2087 sua
293 2023 415 2105 plaoeat
447 2023 573 2102 oblatio,
610 2024 759 2105 plangens
793 2023 826 2086 id
859 2022 965 2105 ipsum
998 2026 1079 2105 quod
1113 2025 1200 2089 tarde
1233 2025 1333 2103 offert,

205 2123 358 2209 plangens
380 2143 418 2191 ao
439 2125 601 2207 paenitens
625 2129 705 2208 quod
721 2143 782 2190 non
805 2126 910 2208 prius:
933 2126 978 2190 sio
1001 2127 1069 2207 erit,
1093 2131 1129 2191 ut
1151 2128 1345 2216 iuxta‘prof

206 2228 333 2311 phetam
356 2229 542 2312 propitietur
565 2228 697 2292 forsitan
722 2228 799 2292 deus
823 2228 946 2293 doliotis
968 2230 1041 2292 tuis.

248 2346 305 2413 XI.
336 2349 395 2415 Sed
424 2349 500 2415 dioit
528 2347 657 2432 aliquisr
686 2351 789 2414 totum
817 2366 890 2431 ergo
918 2349 975 2413 deo
999 2349 1158 2413 oblaturus
1181 2352 1230 2412 est
1252 2340 1388 2430 qnod55

172 2454 326 2518 sehabet?
360 2471 422 2518 non
446 2451 556 2517 offerat
578 2454 682 2517 totum
705 2454 787 2534 quod
809 2453 915 2530 hahet,
939 2452 965 2516 si
987 2468 1047 2515 non
1070 2454 1161 2533 putat
1176 2470 1207 2515 ee
1222 2451 1335 2518 debere

207 2557 308 2620 totum
332 2556 413 2638 qnod
436 2555 540 2620 habet.
577 2573 639 2620 non
662 2574 773 2640 quaero
796 2556 885 2621 ouius
907 2555 950 2619 sit
971 2556 1055 2637 quod
1072 2555 1210 2634 offertur,
1234 2573 1335 2637 aquo

208 2661 251 2724 sit
272 2662 436 2741 aooeptum
458 2658 531 2722 ante
556 2660 637 2741 quod
658 2659 816 2725 redditur:
839 2660 899 2725 hoo
913 2660 984 2724 dioo
1007 2658 1117 2737 solum,
1141 2676 1202 2722 non
1225 2657 1336 2724 offerat

206 2764 310 2828 totum
340 2778 395 2842 pro
426 2760 541 2839 debito,
570 2761 596 2826 si
620 2762 730 2826 debere
752 2780 786 2827 se
807 2764 911 2828 totum
939 2780 1002 2827 non
1030 2763 1122 2845 putat
1150 2780 1205 2843 pro
1235 2764 1335 2826 reatu.

207 2870 308 2931 totum
340 2882 422 2948 ergo,
453 2865 558 2948 inquit
587 2865 729 2947 quamuis
759 2868 902 2948 peooator
923 2863 1045 2945 aliquis,
1076 2863 1240 2957 oblaturus
1264 2866 1336 2929 esti

174 2988 199 3032 rr
207 2969 305 3034 immo
328 2969 416 3045 nihil,
440 2969 466 3033 si
488 2985 548 3034 non
571 2987 642 3034 oum
665 2969 737 3048 fide,
761 2969 857 3033 immo
881 2968 970 3046 nihil,
992 2967 1097 3034 sinon
1112 2978 1184 3034 oum
1201 2969 1334 3047 ambitu,

208 3073 305 3136 immo
328 3072 417 3156 nihil,
441 3073 469 3136 si
490 3091 550 3137 non
568 3090 639 3136 oum
661 3090 760 3154 prese,
784 3071 880 3135 immo
904 3068 994 3150 nihil,
1017 3069 1044 3136 si
1066 3068 1206 3137 non'hoo
1221 3071 1335 3148 animo,

209 3180 244 3238 ut
275 3174 333 3237 hoo
367 3175 471 3256 ipsum
504 3175 585 3240 inter
618 3175 785 3257 praecipua
817 3173 968 3240 beneficia
1000 3174 1052 3239 dei
1085 3177 1219 3258 reputet,
1253 3175 1337 3255 quod

262 3435 276 3486 1
296 3435 384 3487 aenim
401 3434 429 3486 A
531 3434 548 3486 2
572 3432 640 3486 fides
657 3431 771 3486 calidis
788 3447 858 3487 corr.
877 3449 909 3486 m.
930 3435 950 3486 2
967 3431 1024 3485 AB
1127 3431 1158 3485 11
1182 3429 1337 3499 plioationis

208 3521 234 3574 Β
261 3519 421 3589 placationis
440 3521 513 3587 (onor
525 3519 551 3584 b)
572 3519 614 3573 ed.
634 3519 773 3573 Boloao'ua
877 3519 909 3572 16
932 3517 961 3571 id
979 3516 1189 3586 ipsum—offert
1206 3516 1336 3584 plangens

209 3623 259 3660 om.
276 3605 397 3672 AB(b)‚·
424 3604 497 3673 qood
513 3606 616 3674 sopitae
632 3604 747 3658 uidetur
764 3603 907 3658 Halmium
924 3602 970 3670 pai
987 3602 1058 3656 nihil
1075 3602 1108 3655 ios
1126 3599 1191 3654 ador.
1209 3599 1269 3655 erat.
1288 3598 1337 3653 ad-

209 3693 314 3746 notaret
407 3690 437 3744 ll
456 3689 578 3757 penitens
596 3691 623 3742 Β
714 3689 806 3757 sicque
823 3689 934 3751 (lteram
950 3703 1013 3741 omre
1028 3687 1053 3752 1)
1073 3686 1114 3741 ed.
1132 3685 1269 3740 Boluaiua

210 3779 262 3831 erit
278 3779 442 3841 sesama?
459 3790 493 3844 ge
509 3781 541 3830 eat
558 3775 594 3828 sat
612 3776 698 3844 egerit
715 3776 742 3828 A
846 3775 879 3828 18
895 3775 950 3827 tuis
967 3789 988 3828 a.
1005 3789 1058 3829 sor.
1075 3775 1144 3827 oro-2
1169 3772 1227 3826 eius
1245 3772 1273 3825 A
1292 3772 1337 3839 (of.

208 3865 288 3931 infra
298 3870 321 3928 9.
337 3866 398 3928 62):
417 3863 473 3914 suis
491 3861 518 3914 Β
535 3860 600 3927 fort.
613 3866 683 3915 reete
694 3861 739 3915 uel
750 3861 830 3916 serit.
843 3861 912 3922 eiue3
930 3859 978 3925 oft.
992 3859 1057 3913 oda.
1069 3859 1130 3915 orit.
1142 3857 1181 3912 od
1192 3858 1227 3912 II
1235 3860 1269 3912 61

209 3950 244 4003 20
261 3949 355 4003 sinon
373 3947 578 4016 putat-hahet
595 3962 645 4002 om.
664 3947 692 4000 Β
789 3948 822 4001 21
841 3962 888 4000 nee
907 3958 987 4015 qnero
1004 3946 1032 4000 Β
1129 3945 1241 4000 offertur
1258 3946 1339 3999 uela

210 4054 261 4106 qno
274 4037 383 4102 (iterata
395 4048 457 4091 oum
468 4035 495 4101 1)
509 4033 550 4088 ed
563 4034 701 4089 Bolerion
803 4032 838 4088 22
855 4033 945 4089 reddit
962 4050 998 4089 aa
1015 4032 1137 4088 redditur
1154 4049 1226 4088 oorr.
1238 4049 1339 4088 rasore

210 4124 237 4176 A
342 4122 378 4176 24
403 4121 494 4189 inquit
518 4121 643 4188 quamuis
670 4121 767 4190 aliquis
793 4123 914 4189 peoeator
941 4121 1053 4190 (iterum
1074 4136 1136 4176 omo
1159 4120 1185 4187 1)
1212 4119 1253 4176 ed.
1280 4119 1338 4173 Bo-

209 4209 301 4263 aazias
405 4206 438 4261 26
456 4221 547 4274 praece
564 4207 592 4259 A
695 4206 730 4260 21
747 4205 871 4276 precipua
888 4207 916 4259 A
969 4234 973 4241 ·

262 4311 340 4366 VIII.
1199 4309 1232 4362 16
