3076 4764
218 290 266 357 98
710 281 866 342 Belniani

222 499 312 546 suam
334 479 475 545 moritus
496 481 571 545 suis.
601 478 706 564 magis
727 479 813 545 enim
827 480 1017 548 damnabilis
1034 487 1085 553 est
1099 490 1232 572 malitia,
1256 512 1351 578 quam

222 584 335 652 titulus
364 584 516 650 bonitatis
545 585 689 660 aeonem,
719 585 752 650 ot
779 587 888 652 reatus
914 587 1005 671 impii
1034 591 1082 657 est
1110 592 1200 677 pium
1227 614 1352 665 nomen,

222 698 303 764 unde
333 692 430 758 etiarn
458 688 598 756 soluatur
626 689 661 752 in
682 689 875 774 Apocalypsi
903 693 943 758 ad
970 693 1113 779 tepidum
1138 696 1354 772 Christianum

222 800 287 868 ait:
320 799 474 865 utinam
506 798 575 864 ant
607 795 758 862 ualidus
792 811 896 860 esses
931 799 999 862 aut
1030 797 1222 880 frigidus:
1254 823 1354 875 nuno

222 909 369 990 autom,
394 904 483 989 quia
503 900 664 987 tepidus
686 916 739 981 es,
762 899 954 983 insipiam
970 903 1204 972 teeuomere
1226 925 1268 974 er
1290 926 1388 976 ores

222 1029 314 1077 meo.
337 1026 473 1076 omnem
495 1006 710 1073 (lhristiannm
731 1003 874 1072 dominns
896 1005 959 1072 fide
980 1020 1018 1072 aa
1039 1006 1154 1092 spiritu
1175 1009 1265 1079 iubet
1287 1031 1353 1081 esso

222 1114 405 1181 fomentum.
440 1112 488 1178 sio
518 1110 602 1178 enim
632 1111 785 1194 seriptmn
807 1114 872 1176 est:
905 1114 947 1176 ut
968 1110 1086 1178 simus
1108 1114 1256 1199 spiritu
1277 1115 1353 1182 ier·

170 1217 379 1299 92nontes,
403 1219 558 1285 domino
580 1216 813 1282 rorulentos.
850 1215 884 1280 in
904 1215 964 1282 hoo
985 1234 1058 1302 ergo
1080 1216 1201 1285 feruore
1222 1217 1352 1302 spiritus

220 1322 294 1389 fidei
315 1322 479 1407 religiosae
502 1318 594 1388 ardor
616 1318 810 1386 ostenditurs
830 1319 868 1384 de
890 1337 950 1410 quo
972 1321 1082 1386 ardore
1104 1321 1159 1403 qui
1180 1320 1353 1405 plurimum

220 1427 320 1493 natet·
348 1425 474 1493 feruens
507 1444 574 1491 osse
607 1422 789 1508 agnoscitur
816 1424 848 1489 ot
874 1422 992 1490 tidelis:
1024 1425 1080 1508 qui
1111 1424 1192 1492 nihil
1226 1427 1352 1493 omnino
1362 1453 1387 1494 ιο

221 1529 316 1597 habet
347 1528 480 1614 trigidus
510 1546 579 1594 esse
608 1528 805 1611 intellegitur
835 1538 873 1592 ao
900 1545 1059 1613 paganus3
1092 1527 1146 1612 qni
1174 1546 1249 1595 uero
1271 1531 1352 1596 inter

221 1633 388 1717 utrumque
418 1634 469 1698 uel
498 1635 645 1698 neutrum
675 1635 732 1714 est,
762 1630 885 1714 tepidus
908 1633 1001 1714 atque
1024 1648 1134 1698 exosus
1156 1634 1206 1698 est
1227 1633 1351 1699 domino

222 1735 427 1816 Christianus,
456 1739 489 1801 et
510 1735 579 1802 ideo
600 1736 642 1800 ad
667 1754 739 1801 eum
768 1734 899 1801 dieitur:
929 1735 1085 1800 utinam
1107 1737 1176 1802 aut
1197 1734 1352 1802 ualidus

223 1857 328 1905 esses
362 1839 432 1904 ant
464 1839 662 1924 frigidus:
695 1854 797 1903 nuno
819 1839 964 1922 autem,
999 1841 1091 1921 quia
1111 1839 1272 1923 tepidus
1296 1859 1351 1924 es,

221 1943 416 2025 insipiam
437 1943 476 2010 te
499 1959 676 2029 enomere
697 1960 739 2007 en
754 1958 820 2007 ore
835 1959 926 2009 meo.
955 1939 1386 2012 hooostdloere:ntinam1e

222 2049 278 2113 aut
309 2047 443 2113 calorem
472 2049 504 2112 et
538 2045 632 2112 iidem
665 2045 794 2111 haberes
823 2045 975 2111 bonorum
1012 2043 1258 2112 Christianorum
1296 2049 1352 2112 aut

222 2151 305 2215 oerte
338 2150 438 2235 frigus
469 2153 501 2216 et
530 2150 740 2234 ignorantiam
774 2165 975 2232 paganorum.
1013 2149 1072 2212 aut
1098 2142 1183 2214 onim
1213 2146 1289 2214 fides
1318 2149 1350 2214 te

222 2250 324 2320 salida
346 2256 402 2320 deo
431 2254 604 2319 insinuaret
626 2251 681 2318 ant
704 2256 790 2317 oerto
809 2253 848 2316 ad
870 2268 1014 2335 praesens
1036 2251 1138 2317 adhue
1158 2251 1238 2335 legis
1260 2252 1350 2337 igno·

222 2357 325 2422 ranti’a
347 2357 544 2440 aliquatenus
567 2359 735 2421 exemeret.
772 2371 855 2421 nune
882 2357 987 2420 autem
1010 2354 1083 2436 quia
1105 2351 1264 2420 Christum
1286 2357 1350 2422 iam

221 2461 380 2544 agnouisti
401 2463 434 2525 et
455 2460 597 2544 neglegis
625 2477 717 2543 quem
746 2457 912 2542 agnouisti,
942 2457 996 2540 qni
1025 2459 1183 2541 susceptus
1206 2476 1238 2523 es
1260 2457 1385 2541 quasise

171 2578 213 2644 93
221 2564 305 2628 intra
327 2581 360 2628 os
382 2562 434 2628 dei
454 2581 512 2646 per
530 2562 604 2628 fidoi
627 2563 819 2647 agnitionem
841 2561 990 2643 proioeris
1004 2577 1060 2644 per
1085 2563 1234 2643 teporem.
1267 2563 1350 2645 quod

222 2666 348 2749 qnidam
371 2667 467 2732 etiam
489 2669 599 2733 boatus
614 2665 771 2749 apostolus
786 2665 899 2730 Petrus
914 2664 1073 2730 euidenter
1088 2665 1228 2748 exposuit
1243 2664 1349 2731 disens

223 2771 261 2836 de
293 2769 416 2834 uitiosis
449 2787 485 2836 ao
517 2768 646 2854 tepidis,
678 2767 711 2835 id
744 2771 792 2834 est
825 2767 907 2832 male
941 2767 1122 2832 uiuentibus
1146 2766 1349 2835 Christianis:

222 2872 367 2938 melius
397 2874 481 2939 erat
509 2871 596 2938 illis
625 2892 698 2939 non
729 2888 964 2952 oognosoere
993 2863 1213 2937 ueritatem
1235 2889 1350 2954 quam

222 2975 558 3061 cognossentibus
588 2977 810 3042 retrorsum
842 2973 1009 3040 reflecti
1037 2992 1056 3038 a
1085 2974 1241 3041 tradito
1268 2974 1384 3041 sillia

175 3075 178 3089 '
222 3081 413 3148 mandato.
449 3080 626 3164 contigit
658 3079 748 3144 illis
777 3096 839 3144 ros
864 3077 952 3143 ueri
984 3078 1205 3164 prouerbii:
1240 3080 1349 3145 oanis

221 3204 407 3252 reuersus
442 3185 488 3251 ad
521 3202 631 3249 snum
664 3181 856 3248 uomitum
884 3183 953 3248 ant
983 3197 1048 3246 sus
1069 3181 1157 3247 lota·
1177 3182 1217 3246 in
1238 3179 1348 3247 uolu-

222 3291 338 3355 tabro
360 3287 483 3354 oaeni.
521 3288 603 3370 quod
625 3291 662 3353 nt
687 3285 847 3352 euidenter
862 3285 963 3350 dehis
979 3283 1101 3349 dietum
1115 3282 1348 3368 intellegamus,

221 3393 275 3476 qui
296 3393 356 3458 sub
379 3391 557 3459 Christiano
586 3391 711 3457 nomine
733 3391 765 3456 in
788 3389 930 3454 sordibus
961 3389 1069 3454 mundi
1100 3389 1193 3471 atque
1215 3389 1349 3470 impuri-

222 3500 339 3565 tatibus
373 3500 503 3580 uiuunt‚
538 3494 627 3576 audi,
661 3494 795 3577 quidde
828 3493 929 3557 isdem
950 3492 983 3556 in
1016 3481 1136 3556 eodem
1152 3490 1219 3554 looo
1249 3490 1384 3556 dioatreo

322 3672 340 3726 4
357 3673 438 3741 apos.
456 3671 482 3736 a,
501 3669 535 3749 1s
638 3668 653 3721 r
673 3667 750 3722 nom.
770 3666 811 3732 12,
830 3666 863 3720 11
965 3663 1270 3733 2411Pst.2„21sq.

272 3829 387 3885 tiridus
398 3843 421 3884 a
432 3842 483 3884 sor.
495 3843 529 3882 m.
539 3828 559 3882 2
570 3826 601 3896 gi
612 3824 854 3892 Assenserunt
926 3823 943 3875 6
954 3820 1034 3876 fidem
1046 3821 1097 3875 sed
1105 3837 1132 3874 m
1140 3824 1239 3889 ponet.
1252 3818 1281 3872 A

222 3919 255 3972 16
277 3917 317 3988 et]
338 3916 388 3970 aut
409 3914 438 3969 Β
540 3912 575 3968 20
598 3909 740 3980 suscepisti
762 3907 811 3964 sed
828 3911 926 3978 puroet.
945 3906 995 3960 isti
1014 3911 1040 3961 et
1056 3921 1077 3960 a.
1094 3921 1147 3960 ser.
1164 3922 1200 3960 m.
1218 3904 1238 3958 2
1257 3907 1301 3959 tus
1320 3917 1347 3959 es

220 4004 249 4058 A
346 3999 384 4055 '21
403 4000 456 4070 dei]
475 3999 515 4053 d?
530 3999 590 4064 (elo)
607 3997 636 4051 A
739 3993 876 4065 proioieris
893 3991 921 4048 Β
1024 3991 1058 4046 m
1077 4007 1136 4045 sues
1153 3991 1200 4046 sed
1218 3995 1347 4060 epuoet‘.

220 4089 250 4144 A
282 4084 342 4142 suos
360 4087 388 4142 Β
491 4082 647 4138 uolutrabro
664 4082 692 4136 Β
804 4079 838 4135 28
860 4078 918 4148 oeni
936 4078 976 4132 A:
1002 4077 1056 4132 luti
1078 4077 1107 4132 Β
1210 4073 1348 4131 euidenter

221 4189 256 4230 ea
278 4174 402 4229 uidenter
424 4172 452 4225 A
475 4187 545 4226 corr.
563 4170 636 4224 Μ
738 4167 773 4221 30
796 4165 862 4237 quid
879 4165 911 4220 de
927 4164 1030 4219 hisdem
1055 4179 1089 4218 ea
1112 4161 1297 4231 quidehisdem
1320 4161 1348 4217 A

219 4276 289 4316 eorr.
307 4276 341 4315 m.
359 4262 381 4315 2
406 4258 471 4329 qnid
489 4255 587 4311 eisdem
605 4256 667 4322 (om.
685 4253 728 4323 de)
746 4255 774 4309 Β
