3076 4764
1227 295 1312 351 VIIII

285 491 461 568 lationem
503 492 719 578 confecerat,
762 489 912 565 omnino
953 514 997 563 ea
1030 510 1110 585 ‘qua
1149 513 1218 587 par
1257 498 1312 562 est

284 612 500 688 strenuitate
517 622 555 686 et
574 608 763 709 diligentia
780 634 932 683 munere
950 618 1122 707 suscepto
1141 609 1312 683 sunctum

285 759 373 814 esse.
416 758 531 832 quare
558 741 711 831 rogatus
730 731 776 804 de
795 731 850 804 eis>
872 739 1018 804 tantum
1044 728 1134 804 locis
1160 753 1311 803 accura-

284 853 424 928 tissime
462 853 509 928 ad
549 878 609 926 mc
647 849 800 944 rettulit,
842 850 906 949 qui
944 850 984 923 in
1023 849 1151 924 codice
1181 849 1216 922 A
1250 859 1312 922 aut

259 974 395 1048 .deleti
438 973 587 1053 omnino
631 981 719 1049 sunt
758 983 969 1072 temporum
997 968 1205 1070 'iniquitate
1248 979 1311 1042 aut

265 1094 483 1169 maximam
520 1103 665 1192 parte-m
699 1092 751 1167 ita
783 1091 880 1167 male
914 1090 1061 1166 tractati
1095 1100 1137 1166 ut
1169 1089 1232 1165 uix
1268 1115 1313 1163 ac

181 1280 187 1286 .
285 1240 332 1288 ne
376 1215 438 1289 uix
482 1213 630 1312 quidem
674 1212 835 1312 genuina
879 1210 1017 1287 librarii
1061 1235 1194 1285 manus
1235 1208 1313 1284 erui

198 1335 411 1432 possit.
480 1407 482 1412 .
619 1394 622 1399 ,
905 1353 908 1357 ’

229 1502 333 1579 Τ
287 1538 333 1550 -
363 1504 479 1580 codex
506 1503 697 1579 Parisinus
724 1501 812 1579 olim
845 1490 1081 1618 Oclbertinus
1111 1528 1212 1577 nunc
1242 1502 1313 1577 Re-

286 1624 367 1725 gius
389 1652 430 1721 ¹n.
461 1628 561 1698 2174
589 1650 683 1700 saec.
712 1623 785 1700 XV
819 1650 929 1722 quem
961 1635 1047 1723 post
1080 1622 1314 1697 Halmium

286 1745 366 1845 ip'se
393 1744 543 1820 contuli.

250 1930 336 1992 t:
366 1916 483 1993 codex
517 1916 707 1995 Parisinus
745 1915 838 2008 olim*
866 1913 1104 1995 colbertinus
1140 1943 1176 1989 ιι.
1215 1919 1313 1999 5ἶ95

249 2108 252 2115 .
285 2063 387 2113 nunc
429 2037 569 2135 Regius
614 2063 652 2112 n.
695 2037 742 2110 27
748 2039 795 2111 86
836 2060 932 2114 saec.
965 2035 1038 2110 XV
1083 2061 1192 2133 quem
1237 2036 1315 2135 ipse

288 2156 437 2233 contuli.

240 2355 338 2403 v:
351 2327 484 2427 codex
510 2322 862 2401 Vindoboncnsisn
864 2328 967 2401 ,826
990 2352 1090 2403 ..saec
1115 2327 1189 2402 XV
1215 2327 1315 2403 unde

276 2447 486 2537 editionem
512 2446 718 2584 principem
734 2446 796 2522 Jo.
814 2445 1017 2520 Alexandri
1044 2447 1315 2522 Brassicani

289 2571 451 2645 a1530
478 2567 659 2666 originem
686 2566 888 2643 duxissel
914 2567 1000 2667 lp.
1029 2567 1237 2645 tostendi
1280 2578 1316 2641 et

213 2730 216 2768 :
289 2689 387 2765 hunc
414 2687 589 2778 codicem,
617 2687 681 2786 qui
700 2698 839 2787 quanto
858 2713 970 2786 opere
989 2688 1156 2765 eiusdem⁴
1176 2688 1316 2763 Brassi-

291 2808 373 2884 cani
399 2833 526 2882 curam
542 2806 640 2880 male
658 2806 825 2881 sedulam
843 2833 978 2906 passus.
989 2808 1078 2885 sitl
1097 2808 1127 2882 1.·
1140 2836 1177 2909 p.
1201 2814 1246 2884 19
1263 2835 1316 2908 sq.

191 3020 194 3025 ¹
289 2928 377 3004 satis
405 2953 589 3027 superque
609 2927 762 3036 euicisse
784 2927 874 3002 mihi
892 2928 1032 3022 uideor,
1059 2930 1138 3027 ipse
1166 2931 1315 3011 contuli.

239 3118 344 3212 Quos
377 3098 525 3218 praeter
559 3117 642 3191 illos
670 3126 791 3192 extare
819 3118 983 3216 comperi
1008 3118 1120 3192 huius
1147 3117 1318 3218 opusculi

189 3239 349 3316 codices‘
369 3248 510 3314 omnes
524 3237 666 3343 innon
698 3234 966 3342 nullisfltaliae
992 3237 1227 3313 bibliothecis
1254 3238 1318 3313 ad·

189 3366 365 3452 seruatos,
392 3370 435 3434 ut
461 3356 508 3433 d'e
535 3356 754 3432 auctoritate
789 3358 988 3432 eorundem
1003 3356 1060 3431 ''in
1087 3366 1165 3431 arte
1193 3356 1318 3433 critica

187 3478 391 3555 factitando
417 3489 559 3581 certum
585 3474 764 3550 iudicium
775 3477 876 3549 serre
902 3477 1039 3574 liceret,
1013 3487 1214 3550 tsumma
1232 3501 1320 3551 cum

188 3597 423 3675 liberalitate
433 3609 468 3673 et
495 3594 771 3715 officiosissime
789 3595 994 3695 permultis
1030 3535 1138 3688 locis,
1178 3597 1243 3696 qui
1269 3595 1318 3691 ad

188 3717 291 3794 hanc
312 3728 463 3794 causam
488 3702 648 3792 maxime
671 3708 797 3789 idonei
819 3716 1052 3814 uidebantur,
1080 3716 1321 3817 inspexerunt

191 3849 227 3913 et
251 3839 373 3912 uarias
400 3844 445 3914 ex
472 3839 610 3913 eisdem
643 3840 845 3938 scripturas
877 3837 926 3912 ad
951 3864 1011 3912 me
1036 3839 1320 3939 transmiserunt

190 3958 261 4032 uiri
288 3957 490 4035 doctissimi
507 3959 550 4032 F.
571 3959 800 4034 Khullius
828 3957 1048 4034 Graecensis
1076 3971 1111 4033 et
1137 3957 1321 4034 asecl-

189 4104 347 4182 mayer
373 4079 685 4175 vindobonensis,
713 4080 775 4156 ille
794 4107 813 4155 e
832 4080 1165 4156 codice‘Marciano
1194 4079 1320 4154 classis

190 4199 268 4275 IIII
295 4199 420 4285 obdab
441 4198 609 4276 ,chartac
636 4225 734 4301 saec.
752 4201 838 4295 XV⁷
863 4200 930 4278 hic
951 4227 971 4276 e
1001 4200 1192 4277 codicibus
1218 4200 1321 4275 Vati-
