3076 4764
537 275 573 330 de
590 277 726 346 gubern.
744 275 798 333 dei
816 277 840 331 V
858 279 873 341 5
890 276 1002 331 43-49.
1273 277 1332 343 117

206 483 263 533 nos
286 463 412 533 barberi
441 463 578 546 capiunt,
610 484 681 530 cum
711 464 824 535 fratres
850 468 972 530 nostroe
995 464 1147 531 iaciemus
1169 482 1236 531 esee
1258 484 1331 547 oap-

207 569 312 636 tiuos?
335 569 380 634 nil
403 583 475 649 ergo
491 568 606 633 mirum
622 570 678 645 est,
703 569 784 649 quod
798 566 992 633 nastetiones
1008 568 1084 633 sunt
1099 568 1194 651 atque
1209 567 1331 633 excidia

208 671 384 738 ciuitatum.
421 672 474 737 diu
497 670 528 735 id
549 669 758 752 plurimorum
791 670 986 755 oppressione
1020 669 1259 750 elaboramus,
1295 672 1331 734 ut

206 772 391 857 ceptinando
414 772 492 840 alios
513 775 610 839 etiam
631 772 692 855 ipsi
714 772 921 856 inciperemus
944 792 1010 839 esse
1027 773 1154 855 captiui.
1177 774 1330 838 sentimus

179 878 299 958 sonim,
328 877 388 943 etei
410 877 529 943 tardius
553 877 652 945 multo
675 893 769 960 quam
793 877 998 955 merebamur,
1026 875 1181 942 sentimus
1203 876 1331 941 tandem
1387 902 1404 921 ν

206 981 271 1059 illa,
295 998 373 1063 qnae
396 978 537 1057 fecimus,
561 979 594 1044 et
610 978 698 1044 iuxta
712 996 886 1046 sermonem
900 995 1027 1044 sacrum
1042 977 1165 1043 labores
1181 995 1328 1043 manuum

204 1086 390 1150 nostrarum·
412 1081 637 1147 manducemus
660 1100 696 1149 ac
723 1080 805 1148 iusto
838 1081 940 1147 iudice
974 1082 1031 1148 deo
1066 1081 1218 1147 soluimus
1252 1099 1329 1163 qnae

207 1186 364 1253 debemus.
401 1184 524 1251 miserti
547 1183 659 1266 quippe
683 1184 807 1250 exulum
829 1201 890 1249 non
912 1202 1028 1261 snmus,
1052 1201 1122 1248 eece
1145 1182 1204 1266 ipsi
1228 1178 1380 1248 exules47

207 1305 331 1353 munus:
366 1287 544 1369 peregrinos
577 1287 684 1352 fraude
719 1288 867 1371 cepimus,
903 1305 972 1353 eece
1000 1286 1062 1370 ipsi
1094 1285 1328 1368 peregrinemur

170 1391 299 1473 eantque
321 1389 521 1455 fraudamur:
545 1389 743 1472 praeiudiciis
766 1390 942 1474 temporum
961 1389 1087 1473 ingenui
1103 1391 1204 1454 status
1227 1388 1329 1454 homi·

206 1509 259 1557 nes
285 1491 564 1573 ,circumuenimuu
600 1510 670 1557 ecce
702 1492 764 1575 ipsi
797 1511 894 1576 nuper
927 1491 1054 1575 quidem
1084 1491 1117 1555 in
1140 1491 1239 1556 alieno
1263 1491 1329 1555 solo

206 1592 312 1659 ninere
338 1593 506 1677 coepimus,
540 1597 595 1660 sed
621 1595 813 1677 praeiudicia
834 1596 898 1660 iam
921 1597 1079 1660 timemus.
1117 1598 1149 1659 et
1171 1611 1189 1656 o
1212 1597 1329 1676 quanta

206 1696 253 1761 est
285 1696 420 1761 infidelis
454 1696 608 1760 malarum
642 1698 796 1762 mentium
824 1700 975 1762 caecitas!
1005 1696 1238 1761 damnationem
1259 1715 1329 1779 per·

206 1797 334 1865 ferimus
356 1798 524 1864 iudicantis
548 1799 597 1866 dei
620 1801 652 1864 et
675 1799 808 1865 necdum
829 1817 884 1864 nos
907 1799 1103 1884 agnoscimus
1124 1798 1274 1865 indicari·
1299 1802 1329 1864 et
1339 1794 1380 1861 48

176 1903 360 1987 amnentur
392 1902 572 1967 sanctorum
606 1900 711 1987 aliqui,
745 1902 826 1984 qnod
855 1902 993 1985 exemplo
1023 1903 1129 1967 nostro
1153 1890 1329 1968 eeteri'non

208 2005 420 2088 emendentur,
454 2006 509 2088 qui
542 2004 622 2071 nihil
649 2005 749 2070 adhuc
778 2005 841 2071 tale
865 2005 1049 2084 tolerarunt,
1069 2024 1144 2084 cum
1166 2006 1329 2072 tormentis

207 2110 383 2177 nostrarum
400 2106 604 2190 iniquitatum
619 2127 658 2174 ne
672 2106 733 2189 ipsi
749 2108 883 2190 quidem,
900 2107 955 2191 qui
968 2107 1032 2174 iem
1049 2109 1328 2190 complectimur,

207 2210 405 2297 corrigamur.
443 2228 460 2274 o
483 2210 661 2293 superbiam
684 2229 747 2277 non
769 2210 944 2276 ferendam:
971 2211 1100 2294 plurimi
1122 2229 1235 2293 poenas
1257 2229 1329 2293 pee-

207 2317 344 2381 catorum
376 2331 503 2379 suorum
536 2315 705 2398 perierunt,
741 2316 772 2378 ct
805 2312 988 2396 intellegere
1023 2332 1129 2379 causes
1158 2332 1328 2396 poenarum

175 2433 295 2485 nnemo
316 2416 472 2499 dignatur.
511 2418 566 2482 sed
589 2417 635 2481 est
657 2433 750 2482 eausa
779 2416 915 2495 euidens,
945 2434 1023 2498 quae
1046 2416 1128 2481 hanc
1150 2415 1327 2498 superbiam
1337 2412 1380 2478 49

206 2518 289 2599 facit,
323 2520 445 2587 scilicet
471 2522 553 2603 quia,
578 2519 638 2586 etsi
661 2520 766 2602 aliqua
792 2519 855 2584 iem
877 2519 1037 2609 petimur,
1062 2519 1199 2584 nondum
1221 2521 1326 2585 tamen

206 2622 343 2704 patimur
365 2642 443 2708 quae
464 2641 628 2705 meremur.
667 2623 759 2689 tante
786 2627 833 2691 est
856 2622 940 2690 enim
962 2622 1175 2689 misericordie
1197 2623 1256 2701 dei,
1280 2625 1326 2701 ut,

207 2725 265 2795 etsi
296 2743 354 2791 noe
388 2726 455 2809 peti
489 2727 560 2791 uult
593 2725 699 2809 aliqua
722 2727 760 2791 de
782 2725 915 2810 pieoulis
948 2726 1072 2806 nostris,
1107 2725 1189 2791 nolit
1222 2729 1328 2790 tamen

207 2831 317 2895 cuncta
348 2829 495 2895 tolerare:
530 2828 604 2910 quie
638 2830 771 2912 castigat
804 2830 913 2907 malos,
949 2849 1008 2895 non
1042 2829 1147 2896 reddit
1178 2830 1264 2895 mele
1295 2832 1332 2897 et.

172 2948 372 3017 congnoscere
393 2951 448 2998 nos
471 2933 597 3016 peccata
620 2938 726 3000 nostre
748 2935 818 2999 uult
840 2951 935 3017 qnam
957 2932 1120 3013 sustinere,
1150 2932 1270 3001 seilicet
1292 2935 1328 2998 ut

207 3038 263 3119 piis
285 3054 322 3103 ac
341 3035 520 3103 salubribus
535 3036 669 3120 flagellis
685 3038 832 3102 ostendet
848 3037 938 3103 nobie
954 3054 1032 3120 quae
1048 3035 1127 3102 ferre
1142 3053 1326 3117 mereamur,

207 3139 260 3205 sed
292 3140 398 3205 temen
431 3158 492 3204 non
524 3139 638 3205 inierat
672 3157 764 3223 quae.
782 3158 947 3217 meremur,
982 3140 1069 3207 iuxta
1101 3138 1181 3205 illud
1209 3137 1328 3204 seilicet

306 3324 414 3381 8Psel.
435 3324 491 3391 127,
510 3324 527 3378 2

258 3511 271 3566 1
289 3515 349 3567 rire·
366 3511 497 3566 faciemus
514 3511 542 3566 A
558 3512 607 3567 sed
624 3527 693 3567 erae.
717 3528 747 3566 oe
768 3511 858 3568 adbuc
881 3527 914 3567 coe
936 3518 1017 3581 parte
1035 3513 1157 3583 cognocet
1170 3517 1260 3581 potest
1280 3529 1325 3568 no-

207 3600 275 3654 stroe
292 3614 340 3652 nos
358 3598 487 3652 iaciamus
505 3598 533 3651 B
618 3599 636 3654 4
653 3598 831 3667 inciperemus
843 3613 876 3652 aa
888 3598 1059 3667 inciperimus
1072 3598 1098 3652 A
1111 3613 1182 3652 corr.
1195 3614 1228 3651 m.
1242 3602 1257 3651 1

205 3683 371 3755 ecepimus
387 3684 416 3739 A
433 3684 504 3748 item¹
515 3688 556 3739 10Ι
569 3685 693 3753 ingenuit
715 3691 740 3740 et
764 3685 889 3740 homines
906 3700 974 3740 corr.
997 3702 1032 3739 m.
1052 3689 1068 3739 1
1085 3700 1118 3755 ece
1141 3683 1259 3739 hominis

203 3768 239 3825 14
258 3770 371 3827 indicari
392 3785 427 3848 ec
448 3770 565 3825 indicere
587 3771 614 3825 A
631 3786 701 3826 corr.
719 3774 793 3827 net
852 3772 854 3776 “
896 3771 936 3826 15.
951 3770 1035 3840 aliqui
1056 3772 1209 3826 sanctorum
1232 3770 1260 3823 B

205 3855 238 3911 16
258 3856 306 3926 qui
326 3855 408 3926 nibil]
432 3857 480 3925 qni
502 3856 699 3919 om..,11armros
712 3862 819 3926 peneto
833 3858 922 3928 posito
944 3862 1006 3926 poet
1022 3856 1196 3934 emendentur
1219 3862 1328 3912 secutus

204 3944 236 3997 rot
251 3941 317 3999 nde.
335 3942 401 3998 erit·
413 3941 488 3998 dccet
505 3941 562 4001 cod.
580 3943 608 3997 A
625 3943 828 4011 auctoritatam,
850 3943 882 3998 ie
898 3959 951 4012 quo
969 3959 1016 4014 epo
1034 3942 1144 4012 quidem
1161 3943 1202 4015 bis
1220 3943 1328 3999 conlato

204 4027 250 4095 qni
266 4028 366 4083 meet
468 4029 501 4084 25
519 4028 662 4098 agnoscere
678 4045 700 4084 e.
719 4045 735 4083 a
751 4044 802 4085 eor.
821 4030 873 4084 iet
890 4045 1035 4085 noseeor.
1056 4029 1096 4083 bis
1113 4044 1213 4085 mrec.
1232 4029 1260 4083 A

205 4113 273 4184 uult]
295 4115 404 4171 mauult
424 4115 452 4169 B
474 4115 512 4182 cf.
531 4114 660 4169 111110
682 4116 731 4183 qui
753 4116 826 4173 loces
848 4116 928 4172 amul
952 4131 1061 4175 monem
1084 4113 1197 4170 uidetur
1217 4130 1252 4170 ne
1269 4122 1329 4184 poet

205 4204 256 4254 nra
273 4200 323 4256 boe
340 4199 398 4256 loco
416 4216 459 4255 ma
477 4199 607 4256 excidisse
623 4205 703 4269 potes
