<?xml version="1.0" encoding="UTF-8"?>
<!DOCTYPE html PUBLIC "-//W3C//DTD XHTML 1.0 Transitional//EN"
    "http://www.w3.org/TR/xhtml1/DTD/xhtml1-transitional.dtd">
<html xmlns="http://www.w3.org/1999/xhtml" xml:lang="en" lang="en">
 <head>
  <title>
</title>
<meta http-equiv="Content-Type" content="text/html;charset=utf-8" />
  <meta name='ocr-system' content='tesseract 3.04.00' />
  <meta name='ocr-capabilities' content='ocr_page ocr_carea ocr_par ocr_line ocrx_word'/>
</head>
<body>
  <div class='ocr_page' id='page_1' title='image "./salvianipresbyt00salvgoog_0032.png"; bbox 0 0 3076 4764; ppageno 0'>
   <div class='ocr_carea' id='block_1_1' title="bbox 530 273 1320 346">
    <p class='ocr_par' dir='ltr' id='par_1_1' title="bbox 530 273 1320 346">
     <span class='ocr_line' id='line_1_1' title="bbox 530 273 1320 346; baseline -0.008 -15"><span class='ocrx_word' id='word_1_1' title='bbox 530 278 568 332; x_wconf 92' lang='lat' dir='ltr'><strong>de</strong></span> <span class='ocrx_word' id='word_1_2' title='bbox 586 278 722 346; x_wconf 85' lang='lat' dir='ltr'>gubern.</span> <span class='ocrx_word' id='word_1_3' title='bbox 742 276 795 330; x_wconf 92' lang='lat' dir='ltr'><strong>dei</strong></span> <span class='ocrx_word' id='word_1_4' title='bbox 816 273 830 330; x_wconf 94' lang='lat'>1</span> <span class='ocrx_word' id='word_1_5' title='bbox 849 279 863 340; x_wconf 66' lang='grc' dir='ltr'>ξ</span> <span class='ocrx_word' id='word_1_6' title='bbox 883 274 991 330; x_wconf 80' lang='lat' dir='ltr'><strong>15·ao,</strong></span> <span class='ocrx_word' id='word_1_7' title='bbox 1283 275 1320 336; x_wconf 82' lang='lat'><strong>11</strong></span> 
     </span>
    </p>
   </div>
   <div class='ocr_carea' id='block_1_2' title="bbox 148 463 1377 3537">
    <p class='ocr_par' dir='ltr' id='par_1_2' title="bbox 148 463 1377 3537">
     <span class='ocr_line' id='line_1_2' title="bbox 201 463 1326 552; baseline -0.005 -18"><span class='ocrx_word' id='word_1_8' title='bbox 201 487 379 552; x_wconf 84' lang='lat' dir='ltr'><strong>possumus,</strong></span> <span class='ocrx_word' id='word_1_9' title='bbox 410 467 490 551; x_wconf 93' lang='lat' dir='ltr'><strong>quod</strong></span> <span class='ocrx_word' id='word_1_10' title='bbox 518 471 594 533; x_wconf 88' lang='lat' dir='ltr'><strong>tunc</strong></span> <span class='ocrx_word' id='word_1_11' title='bbox 622 471 677 534; x_wconf 90' lang='lat' dir='ltr'><strong>deo</strong></span> <span class='ocrx_word' id='word_1_12' title='bbox 708 466 840 532; x_wconf 85' lang='lat' dir='ltr'><strong>maxime</strong></span> <span class='ocrx_word' id='word_1_13' title='bbox 863 484 954 530; x_wconf 88' lang='lat' dir='ltr'><strong>curae</strong></span> <span class='ocrx_word' id='word_1_14' title='bbox 981 467 1068 529; x_wconf 89' lang='lat' dir='ltr'><strong>erant</strong></span> <span class='ocrx_word' id='word_1_15' title='bbox 1098 483 1168 529; x_wconf 90' lang='lat' dir='ltr'><strong>cnm</strong></span> <span class='ocrx_word' id='word_1_16' title='bbox 1191 482 1245 544; x_wconf 91' lang='lat' dir='ltr'><strong>pro</strong></span> <span class='ocrx_word' id='word_1_17' title='bbox 1268 463 1326 528; x_wconf 88' lang='lat' dir='ltr'><strong>deo</strong></span> 
     </span>
     <span class='ocr_line' id='line_1_3' title="bbox 202 566 1323 653; baseline -0.005 -18"><span class='ocrx_word' id='word_1_18' title='bbox 202 572 263 637; x_wconf 87' lang='lat' dir='ltr'><strong>ista</strong></span> <span class='ocrx_word' id='word_1_19' title='bbox 285 575 473 653; x_wconf 87' lang='lat' dir='ltr'><strong>paterentur.</strong></span> <span class='ocrx_word' id='word_1_20' title='bbox 520 574 552 635; x_wconf 90' lang='lat' dir='ltr'><strong>at</strong></span> <span class='ocrx_word' id='word_1_21' title='bbox 575 571 705 636; x_wconf 79' lang='lat' dir='ltr'><strong>forsitan</strong></span> <span class='ocrx_word' id='word_1_22' title='bbox 728 570 785 635; x_wconf 90' lang='lat' dir='ltr'><strong>hoc</strong></span> <span class='ocrx_word' id='word_1_23' title='bbox 813 570 880 650; x_wconf 88' lang='lat' dir='ltr'><strong>ipso</strong></span> <span class='ocrx_word' id='word_1_24' title='bbox 903 568 1004 652; x_wconf 87' lang='lat' dir='ltr'><strong>magis</strong></span> <span class='ocrx_word' id='word_1_25' title='bbox 1031 569 1159 650; x_wconf 90' lang='lat' dir='ltr'><strong>probare</strong></span> <span class='ocrx_word' id='word_1_26' title='bbox 1181 570 1213 631; x_wconf 87' lang='lat' dir='ltr'><strong>te</strong></span> <span class='ocrx_word' id='word_1_27' title='bbox 1236 566 1323 644; x_wconf 86' lang='lat' dir='ltr'><strong>dicis,</strong></span> 
     </span>
     <span class='ocr_line' id='line_1_4' title="bbox 201 670 1324 756; baseline -0.004 -18"><span class='ocrx_word' id='word_1_28' title='bbox 201 675 282 756; x_wconf 92' lang='lat' dir='ltr'><strong>quod</strong></span> <span class='ocrx_word' id='word_1_29' title='bbox 310 677 384 740; x_wconf 91' lang='lat' dir='ltr'><strong>deus</strong></span> <span class='ocrx_word' id='word_1_30' title='bbox 414 675 446 739; x_wconf 93' lang='lat' dir='ltr'><strong>in</strong></span> <span class='ocrx_word' id='word_1_31' title='bbox 475 674 598 739; x_wconf 91' lang='lat' dir='ltr'><strong>sacculo</strong></span> <span class='ocrx_word' id='word_1_32' title='bbox 626 674 687 738; x_wconf 91' lang='lat' dir='ltr'><strong>isto</strong></span> <span class='ocrx_word' id='word_1_33' title='bbox 716 674 818 738; x_wconf 89' lang='lat' dir='ltr'><strong>omnia</strong></span> <span class='ocrx_word' id='word_1_34' title='bbox 847 672 994 756; x_wconf 79' lang='lat' dir='ltr'>neglegat</span> <span class='ocrx_word' id='word_1_35' title='bbox 1027 672 1058 735; x_wconf 90' lang='lat' dir='ltr'><strong>et</strong></span> <span class='ocrx_word' id='word_1_36' title='bbox 1086 670 1192 734; x_wconf 87' lang='lat' dir='ltr'><strong>futuro</strong></span> <span class='ocrx_word' id='word_1_37' title='bbox 1222 670 1324 734; x_wconf 90' lang='lat' dir='ltr'><strong>totum</strong></span> 
     </span>
     <span class='ocr_line' id='line_1_5' title="bbox 200 773 1325 859; baseline -0.004 -17"><span class='ocrx_word' id='word_1_38' title='bbox 200 777 313 843; x_wconf 91' lang='lat' dir='ltr'><strong>iudicio</strong></span> <span class='ocrx_word' id='word_1_39' title='bbox 343 780 494 858; x_wconf 81' lang='lat' dir='ltr'><strong>meamet,</strong></span> <span class='ocrx_word' id='word_1_40' title='bbox 524 777 597 859; x_wconf 91' lang='lat' dir='ltr'><strong>quia</strong></span> <span class='ocrx_word' id='word_1_41' title='bbox 620 795 741 858; x_wconf 92' lang='lat' dir='ltr'><strong>semper</strong></span> <span class='ocrx_word' id='word_1_42' title='bbox 764 775 794 840; x_wconf 90' lang='lat' dir='ltr'><strong>et</strong></span> <span class='ocrx_word' id='word_1_43' title='bbox 816 774 888 840; x_wconf 92' lang='lat' dir='ltr'><strong>boni</strong></span> <span class='ocrx_word' id='word_1_44' title='bbox 915 774 1018 840; x_wconf 89' lang='lat' dir='ltr'><strong>omnia</strong></span> <span class='ocrx_word' id='word_1_45' title='bbox 1040 775 1122 838; x_wconf 90' lang='lat' dir='ltr'><strong>mala</strong></span> <span class='ocrx_word' id='word_1_46' title='bbox 1143 773 1227 856; x_wconf 90' lang='lat' dir='ltr'><strong>passi</strong></span> <span class='ocrx_word' id='word_1_47' title='bbox 1250 779 1325 838; x_wconf 91' lang='lat' dir='ltr'><strong>sunt</strong></span> 
     </span>
     <span class='ocr_line' id='line_1_6' title="bbox 179 875 1324 964; baseline -0.003 -20"><span class='ocrx_word' id='word_1_48' title='bbox 179 884 232 947; x_wconf 79' lang='lat' dir='ltr'><strong>set</strong></span> <span class='ocrx_word' id='word_1_49' title='bbox 246 884 385 948; x_wconf 85' lang='lat' dir='ltr'><strong>fecerunt</strong></span> <span class='ocrx_word' id='word_1_50' title='bbox 402 883 488 948; x_wconf 86' lang='lat' dir='ltr'><strong>mali.</strong></span> <span class='ocrx_word' id='word_1_51' title='bbox 512 901 572 948; x_wconf 91' lang='lat' dir='ltr'><strong>non</strong></span> <span class='ocrx_word' id='word_1_52' title='bbox 588 882 723 947; x_wconf 89' lang='lat' dir='ltr'><strong>infidelis</strong></span> <span class='ocrx_word' id='word_1_53' title='bbox 739 882 863 964; x_wconf 90' lang='lat' dir='ltr'><strong>quidem</strong></span> <span class='ocrx_word' id='word_1_54' title='bbox 882 879 1005 945; x_wconf 90' lang='lat' dir='ltr'><strong>uidetur</strong></span> <span class='ocrx_word' id='word_1_55' title='bbox 1019 876 1164 952; x_wconf 82' lang='lat' dir='ltr'><strong>adsertio,</strong></span> <span class='ocrx_word' id='word_1_56' title='bbox 1189 875 1324 940; x_wconf 84' lang='lat' dir='ltr'><strong>maxime</strong></span> 
     </span>
     <span class='ocr_line' id='line_1_7' title="bbox 201 975 1375 1066; baseline -0.008 -18"><span class='ocrx_word' id='word_1_57' title='bbox 201 984 273 1066; x_wconf 91' lang='lat' dir='ltr'><strong>quia</strong></span> <span class='ocrx_word' id='word_1_58' title='bbox 296 985 437 1050; x_wconf 87' lang='lat' dir='ltr'><strong>futurum</strong></span> <span class='ocrx_word' id='word_1_59' title='bbox 460 986 508 1052; x_wconf 89' lang='lat' dir='ltr'><strong>dei</strong></span> <span class='ocrx_word' id='word_1_60' title='bbox 532 987 682 1051; x_wconf 90' lang='lat' dir='ltr'><strong>indicium</strong></span> <span class='ocrx_word' id='word_1_61' title='bbox 706 984 877 1050; x_wconf 85' lang='lat' dir='ltr'><strong>confitetur.</strong></span> <span class='ocrx_word' id='word_1_62' title='bbox 902 983 956 1048; x_wconf 89' lang='lat' dir='ltr'><strong>sed</strong></span> <span class='ocrx_word' id='word_1_63' title='bbox 978 1001 1033 1047; x_wconf 88' lang='lat' dir='ltr'><strong>nos</strong></span> <span class='ocrx_word' id='word_1_64' title='bbox 1055 981 1100 1045; x_wconf 88' lang='lat' dir='ltr'><strong>ita</strong></span> <span class='ocrx_word' id='word_1_65' title='bbox 1122 979 1323 1044; x_wconf 90' lang='lat' dir='ltr'><strong>iudicandum</strong></span> <span class='ocrx_word' id='word_1_66' title='bbox 1335 975 1375 1040; x_wconf 86' lang='lat'><strong>18</strong></span> 
     </span>
     <span class='ocr_line' id='line_1_8' title="bbox 200 1083 1324 1171; baseline -0.005 -20"><span class='ocrx_word' id='word_1_67' title='bbox 200 1087 370 1153; x_wconf 91' lang='lat' dir='ltr'><strong>humanum</strong></span> <span class='ocrx_word' id='word_1_68' title='bbox 386 1107 482 1171; x_wconf 91' lang='lat' dir='ltr'><strong>genus</strong></span> <span class='ocrx_word' id='word_1_69' title='bbox 499 1109 517 1155; x_wconf 92' lang='lat' dir='ltr'><strong>a</strong></span> <span class='ocrx_word' id='word_1_70' title='bbox 532 1088 656 1155; x_wconf 78' lang='lat' dir='ltr'><strong>Christo</strong></span> <span class='ocrx_word' id='word_1_71' title='bbox 672 1088 815 1170; x_wconf 78' lang='lat' dir='ltr'><strong>dicimus,</strong></span> <span class='ocrx_word' id='word_1_72' title='bbox 840 1090 875 1151; x_wconf 89' lang='lat' dir='ltr'><strong>nt</strong></span> <span class='ocrx_word' id='word_1_73' title='bbox 890 1088 995 1151; x_wconf 85' lang='lat' dir='ltr'><strong>tamen</strong></span> <span class='ocrx_word' id='word_1_74' title='bbox 1010 1084 1105 1150; x_wconf 89' lang='lat' dir='ltr'><strong>etiam</strong></span> <span class='ocrx_word' id='word_1_75' title='bbox 1121 1100 1203 1146; x_wconf 92' lang='lat' dir='ltr'><strong>nunc</strong></span> <span class='ocrx_word' id='word_1_76' title='bbox 1218 1083 1324 1147; x_wconf 90' lang='lat' dir='ltr'><strong>omnia</strong></span> 
     </span>
     <span class='ocr_line' id='line_1_9' title="bbox 200 1186 1322 1273; baseline -0.004 -20"><span class='ocrx_word' id='word_1_77' title='bbox 200 1190 302 1269; x_wconf 86' lang='lat' dir='ltr'><strong>deum,</strong></span> <span class='ocrx_word' id='word_1_78' title='bbox 326 1192 418 1273; x_wconf 90' lang='lat' dir='ltr'><strong>prout</strong></span> <span class='ocrx_word' id='word_1_79' title='bbox 441 1191 625 1256; x_wconf 80' lang='lat' dir='ltr'><strong>rationabile</strong></span> <span class='ocrx_word' id='word_1_80' title='bbox 648 1194 749 1272; x_wconf 88' lang='lat' dir='ltr'><strong>putat,</strong></span> <span class='ocrx_word' id='word_1_81' title='bbox 773 1207 879 1272; x_wconf 92' lang='lat' dir='ltr'><strong>regere</strong></span> <span class='ocrx_word' id='word_1_82' title='bbox 896 1207 931 1253; x_wconf 90' lang='lat' dir='ltr'><strong>ac</strong></span> <span class='ocrx_word' id='word_1_83' title='bbox 949 1189 1125 1270; x_wconf 90' lang='lat' dir='ltr'><strong>dispensare</strong></span> <span class='ocrx_word' id='word_1_84' title='bbox 1150 1186 1322 1263; x_wconf 89' lang='lat' dir='ltr'><strong>credamus,</strong></span> 
     </span>
     <span class='ocr_line' id='line_1_10' title="bbox 201 1291 1324 1369; baseline -0.006 -11"><span class='ocrx_word' id='word_1_85' title='bbox 201 1295 232 1358; x_wconf 89' lang='lat' dir='ltr'><strong>et</strong></span> <span class='ocrx_word' id='word_1_86' title='bbox 259 1294 304 1357; x_wconf 90' lang='lat' dir='ltr'><strong>ita</strong></span> <span class='ocrx_word' id='word_1_87' title='bbox 336 1295 369 1357; x_wconf 93' lang='lat' dir='ltr'><strong>in</strong></span> <span class='ocrx_word' id='word_1_88' title='bbox 399 1293 504 1358; x_wconf 87' lang='lat' dir='ltr'><strong>futuro</strong></span> <span class='ocrx_word' id='word_1_89' title='bbox 534 1293 742 1358; x_wconf 89' lang='lat' dir='ltr'><strong>indicaturum</strong></span> <span class='ocrx_word' id='word_1_90' title='bbox 768 1291 982 1369; x_wconf 84' lang='lat' dir='ltr'><strong>adfirmamus,</strong></span> <span class='ocrx_word' id='word_1_91' title='bbox 1014 1291 1050 1355; x_wconf 90' lang='lat' dir='ltr'><strong>ut</strong></span> <span class='ocrx_word' id='word_1_92' title='bbox 1073 1293 1177 1354; x_wconf 90' lang='lat' dir='ltr'><strong>tamen</strong></span> <span class='ocrx_word' id='word_1_93' title='bbox 1201 1305 1324 1368; x_wconf 87' lang='lat' dir='ltr'><strong>semper</strong></span> 
     </span>
     <span class='ocr_line' id='line_1_11' title="bbox 166 1392 1325 1472; baseline 0 -17"><span class='ocrx_word' id='word_1_94' title='bbox 166 1417 190 1455; x_wconf 82' lang='grc' dir='ltr'><strong>ιο</strong></span> <span class='ocrx_word' id='word_1_95' title='bbox 201 1396 297 1462; x_wconf 90' lang='lat' dir='ltr'><strong>etiam</strong></span> <span class='ocrx_word' id='word_1_96' title='bbox 320 1397 353 1460; x_wconf 93' lang='lat' dir='ltr'><strong>in</strong></span> <span class='ocrx_word' id='word_1_97' title='bbox 381 1396 438 1461; x_wconf 90' lang='lat' dir='ltr'><strong>hoc</strong></span> <span class='ocrx_word' id='word_1_98' title='bbox 460 1396 585 1461; x_wconf 88' lang='lat' dir='ltr'><strong>saeculo</strong></span> <span class='ocrx_word' id='word_1_99' title='bbox 608 1396 756 1461; x_wconf 85' lang='lat' dir='ltr'><strong>iudicasse</strong></span> <span class='ocrx_word' id='word_1_100' title='bbox 784 1395 960 1459; x_wconf 82' lang='lat' dir='ltr'><strong>doceamus,</strong></span> <span class='ocrx_word' id='word_1_101' title='bbox 995 1393 1069 1458; x_wconf 90' lang='lat' dir='ltr'><strong>dum</strong></span> <span class='ocrx_word' id='word_1_102' title='bbox 1097 1392 1180 1457; x_wconf 91' lang='lat' dir='ltr'><strong>enim</strong></span> <span class='ocrx_word' id='word_1_103' title='bbox 1203 1409 1325 1472; x_wconf 86' lang='lat' dir='ltr'><strong>semper</strong></span> 
     </span>
     <span class='ocr_line' id='line_1_12' title="bbox 202 1495 1325 1587; baseline -0.007 -23"><span class='ocrx_word' id='word_1_104' title='bbox 202 1498 356 1583; x_wconf 83' lang='lat' dir='ltr'><strong>gubernat</strong></span> <span class='ocrx_word' id='word_1_105' title='bbox 371 1499 454 1576; x_wconf 77' lang='lat' dir='ltr'><strong>deus.</strong></span> <span class='ocrx_word' id='word_1_106' title='bbox 471 1517 592 1580; x_wconf 89' lang='lat' dir='ltr'><strong>semper</strong></span> <span class='ocrx_word' id='word_1_107' title='bbox 608 1501 639 1562; x_wconf 89' lang='lat' dir='ltr'><strong>et</strong></span> <span class='ocrx_word' id='word_1_108' title='bbox 655 1497 784 1576; x_wconf 90' lang='lat' dir='ltr'><strong>iudicat,</strong></span> <span class='ocrx_word' id='word_1_109' title='bbox 801 1497 875 1579; x_wconf 89' lang='lat' dir='ltr'><strong>quia</strong></span> <span class='ocrx_word' id='word_1_110' title='bbox 889 1495 1072 1578; x_wconf 86' lang='lat' dir='ltr'><strong>gubernatio</strong></span> <span class='ocrx_word' id='word_1_111' title='bbox 1088 1496 1155 1578; x_wconf 90' lang='lat' dir='ltr'><strong>ipsa</strong></span> <span class='ocrx_word' id='word_1_112' title='bbox 1173 1495 1325 1587; x_wconf 89' lang='lat' dir='ltr'><strong>iudicium</strong></span> 
     </span>
     <span class='ocr_line' id='line_1_13' title="bbox 201 1596 1377 1684; baseline -0.005 -18"><span class='ocrx_word' id='word_1_113' title='bbox 201 1605 257 1666; x_wconf 89' lang='lat' dir='ltr'><strong>ast.</strong></span> <span class='ocrx_word' id='word_1_114' title='bbox 278 1609 352 1684; x_wconf 86' lang='lat' dir='ltr'><strong>quot</strong></span> <span class='ocrx_word' id='word_1_115' title='bbox 368 1602 467 1667; x_wconf 91' lang='lat' dir='ltr'><strong>modis</strong></span> <span class='ocrx_word' id='word_1_116' title='bbox 484 1601 541 1667; x_wconf 92' lang='lat' dir='ltr'><strong>hoc</strong></span> <span class='ocrx_word' id='word_1_117' title='bbox 557 1602 605 1666; x_wconf 90' lang='lat' dir='ltr'><strong>uis</strong></span> <span class='ocrx_word' id='word_1_118' title='bbox 620 1600 810 1682; x_wconf 81' lang='lat' dir='ltr'><strong>probemus?</strong></span> <span class='ocrx_word' id='word_1_119' title='bbox 825 1600 945 1665; x_wconf 88' lang='lat' dir='ltr'><strong>ratione</strong></span> <span class='ocrx_word' id='word_1_120' title='bbox 961 1618 1000 1663; x_wconf 91' lang='lat' dir='ltr'><strong>an</strong></span> <span class='ocrx_word' id='word_1_121' title='bbox 1016 1598 1162 1680; x_wconf 85' lang='lat' dir='ltr'><strong>exemplis</strong></span> <span class='ocrx_word' id='word_1_122' title='bbox 1178 1616 1216 1662; x_wconf 92' lang='lat' dir='ltr'><strong>an</strong></span> <span class='ocrx_word' id='word_1_123' title='bbox 1232 1598 1321 1662; x_wconf 89' lang='lat' dir='ltr'><strong>testi·</strong></span> <span class='ocrx_word' id='word_1_124' title='bbox 1335 1596 1377 1660; x_wconf 83' lang='lat'><strong>19</strong></span> 
     </span>
     <span class='ocr_line' id='line_1_14' title="bbox 199 1700 1325 1787; baseline -0.004 -19"><span class='ocrx_word' id='word_1_125' title='bbox 199 1704 334 1770; x_wconf 77' lang='lat' dir='ltr'><strong>moniis?</strong></span> <span class='ocrx_word' id='word_1_126' title='bbox 356 1707 383 1770; x_wconf 91' lang='lat' dir='ltr'><strong>si</strong></span> <span class='ocrx_word' id='word_1_127' title='bbox 405 1706 533 1783; x_wconf 87' lang='lat' dir='ltr'><strong>ratione,</strong></span> <span class='ocrx_word' id='word_1_128' title='bbox 558 1703 627 1787; x_wconf 91' lang='lat' dir='ltr'><strong>quis</strong></span> <span class='ocrx_word' id='word_1_129' title='bbox 650 1705 715 1768; x_wconf 89' lang='lat' dir='ltr'><strong>tam</strong></span> <span class='ocrx_word' id='word_1_130' title='bbox 738 1721 843 1785; x_wconf 83' lang='lat' dir='ltr'><strong>expers</strong></span> <span class='ocrx_word' id='word_1_131' title='bbox 858 1703 1012 1768; x_wconf 89' lang='lat' dir='ltr'><strong>humanae</strong></span> <span class='ocrx_word' id='word_1_132' title='bbox 1027 1700 1259 1782; x_wconf 86' lang='lat' dir='ltr'><strong>intellegentiae</strong></span> <span class='ocrx_word' id='word_1_133' title='bbox 1275 1701 1325 1764; x_wconf 89' lang='lat' dir='ltr'><strong>est</strong></span> 
     </span>
     <span class='ocr_line' id='line_1_15' title="bbox 200 1803 1323 1891; baseline -0.004 -18"><span class='ocrx_word' id='word_1_134' title='bbox 200 1810 232 1873; x_wconf 91' lang='lat' dir='ltr'><strong>et</strong></span> <span class='ocrx_word' id='word_1_135' title='bbox 259 1808 351 1872; x_wconf 89' lang='lat' dir='ltr'><strong>huius</strong></span> <span class='ocrx_word' id='word_1_136' title='bbox 381 1808 478 1891; x_wconf 89' lang='lat' dir='ltr'><strong>ipsius</strong></span> <span class='ocrx_word' id='word_1_137' title='bbox 508 1810 544 1874; x_wconf 93' lang='lat' dir='ltr'><strong>de</strong></span> <span class='ocrx_word' id='word_1_138' title='bbox 575 1827 636 1890; x_wconf 89' lang='lat' dir='ltr'><strong>qua</strong></span> <span class='ocrx_word' id='word_1_139' title='bbox 657 1806 816 1890; x_wconf 88' lang='lat' dir='ltr'><strong>loquimur</strong></span> <span class='ocrx_word' id='word_1_140' title='bbox 846 1806 990 1871; x_wconf 87' lang='lat' dir='ltr'><strong>ueritatis</strong></span> <span class='ocrx_word' id='word_1_141' title='bbox 1021 1806 1155 1884; x_wconf 82' lang='lat' dir='ltr'><strong>alicnus,</strong></span> <span class='ocrx_word' id='word_1_142' title='bbox 1187 1803 1323 1885; x_wconf 90' lang='lat' dir='ltr'><strong>quinon</strong></span> 
     </span>
     <span class='ocr_line' id='line_1_16' title="bbox 165 1908 1323 1995; baseline -0.001 -24"><span class='ocrx_word' id='word_1_143' title='bbox 165 1913 348 1995; x_wconf 76' lang='lat' dir='ltr'><strong>rsagnoscat</strong></span> <span class='ocrx_word' id='word_1_144' title='bbox 364 1929 400 1975; x_wconf 93' lang='lat' dir='ltr'><strong>ac</strong></span> <span class='ocrx_word' id='word_1_145' title='bbox 415 1910 520 1976; x_wconf 88' lang='lat' dir='ltr'><strong>uideat</strong></span> <span class='ocrx_word' id='word_1_146' title='bbox 535 1910 780 1993; x_wconf 88' lang='lat' dir='ltr'><strong>pulcherrimum</strong></span> <span class='ocrx_word' id='word_1_147' title='bbox 797 1910 906 1974; x_wconf 92' lang='lat' dir='ltr'><strong>mundi</strong></span> <span class='ocrx_word' id='word_1_148' title='bbox 922 1928 997 1991; x_wconf 90' lang='lat' dir='ltr'><strong>opus</strong></span> <span class='ocrx_word' id='word_1_149' title='bbox 1015 1912 1046 1973; x_wconf 88' lang='lat' dir='ltr'><strong>et</strong></span> <span class='ocrx_word' id='word_1_150' title='bbox 1061 1908 1323 1975; x_wconf 88' lang='lat' dir='ltr'><strong>inaestimabilem</strong></span> 
     </span>
     <span class='ocr_line' id='line_1_17' title="bbox 199 2011 1323 2097; baseline -0.003 -18"><span class='ocrx_word' id='word_1_151' title='bbox 199 2031 403 2095; x_wconf 85' lang='lat' dir='ltr'><strong>supernarum</strong></span> <span class='ocrx_word' id='word_1_152' title='bbox 433 2012 685 2095; x_wconf 84' lang='lat' dir='ltr'><strong>infernarumque</strong></span> <span class='ocrx_word' id='word_1_153' title='bbox 715 2032 820 2078; x_wconf 89' lang='lat' dir='ltr'><strong>rerum</strong></span> <span class='ocrx_word' id='word_1_154' title='bbox 851 2011 1116 2097; x_wconf 88' lang='lat' dir='ltr'><strong>magnificentiam</strong></span> <span class='ocrx_word' id='word_1_155' title='bbox 1145 2014 1183 2078; x_wconf 91' lang='lat' dir='ltr'><strong>ab</strong></span> <span class='ocrx_word' id='word_1_156' title='bbox 1215 2012 1323 2078; x_wconf 89' lang='lat' dir='ltr'><strong>eodem</strong></span> 
     </span>
     <span class='ocr_line' id='line_1_18' title="bbox 198 2115 1322 2198; baseline 0.002 -18"><span class='ocrx_word' id='word_1_157' title='bbox 198 2117 264 2198; x_wconf 92' lang='lat' dir='ltr'><strong>regi</strong></span> <span class='ocrx_word' id='word_1_158' title='bbox 294 2135 311 2180; x_wconf 88' lang='lat' dir='ltr'><strong>a</strong></span> <span class='ocrx_word' id='word_1_159' title='bbox 341 2134 400 2197; x_wconf 92' lang='lat' dir='ltr'><strong>qno</strong></span> <span class='ocrx_word' id='word_1_160' title='bbox 434 2118 538 2180; x_wconf 89' lang='lat' dir='ltr'><strong>creata</strong></span> <span class='ocrx_word' id='word_1_161' title='bbox 572 2117 623 2197; x_wconf 87' lang='lat' dir='ltr'><strong>sit,</strong></span> <span class='ocrx_word' id='word_1_162' title='bbox 659 2133 812 2198; x_wconf 91' lang='lat' dir='ltr'><strong>quemque</strong></span> <span class='ocrx_word' id='word_1_163' title='bbox 844 2116 1069 2181; x_wconf 91' lang='lat' dir='ltr'><strong>elementorum</strong></span> <span class='ocrx_word' id='word_1_164' title='bbox 1103 2115 1322 2182; x_wconf 80' lang='lat' dir='ltr'><strong>fabricatorem</strong></span> 
     </span>
     <span class='ocr_line' id='line_1_19' title="bbox 199 2217 1325 2301; baseline 0.001 -20"><span class='ocrx_word' id='word_1_165' title='bbox 199 2218 332 2282; x_wconf 90' lang='lat' dir='ltr'><strong>eundem</strong></span> <span class='ocrx_word' id='word_1_166' title='bbox 366 2217 461 2281; x_wconf 90' lang='lat' dir='ltr'><strong>ctiam</strong></span> <span class='ocrx_word' id='word_1_167' title='bbox 494 2219 735 2301; x_wconf 86' lang='lat' dir='ltr'><strong>gubernatorem</strong></span> <span class='ocrx_word' id='word_1_168' title='bbox 768 2219 849 2299; x_wconf 81' lang='lat' dir='ltr'><strong>fore3</strong></span> <span class='ocrx_word' id='word_1_169' title='bbox 889 2221 941 2301; x_wconf 88' lang='lat' dir='ltr'><strong>qui</strong></span> <span class='ocrx_word' id='word_1_170' title='bbox 969 2222 1081 2284; x_wconf 90' lang='lat' dir='ltr'><strong>cuncta</strong></span> <span class='ocrx_word' id='word_1_171' title='bbox 1111 2218 1229 2282; x_wconf 88' lang='lat' dir='ltr'><strong>scilicet</strong></span> <span class='ocrx_word' id='word_1_172' title='bbox 1261 2235 1325 2299; x_wconf 88' lang='lat' dir='ltr'><strong>qua</strong></span> 
     </span>
     <span class='ocr_line' id='line_1_20' title="bbox 198 2321 1324 2403; baseline -0.002 -18"><span class='ocrx_word' id='word_1_173' title='bbox 198 2321 353 2403; x_wconf 86' lang='lat' dir='ltr'><strong>potestate</strong></span> <span class='ocrx_word' id='word_1_174' title='bbox 377 2338 413 2384; x_wconf 92' lang='lat' dir='ltr'><strong>ac</strong></span> <span class='ocrx_word' id='word_1_175' title='bbox 428 2321 590 2386; x_wconf 88' lang='lat' dir='ltr'><strong>maiestate</strong></span> <span class='ocrx_word' id='word_1_176' title='bbox 614 2322 796 2402; x_wconf 84' lang='lat' dir='ltr'><strong>condiderit,</strong></span> <span class='ocrx_word' id='word_1_177' title='bbox 821 2324 926 2386; x_wconf 90' lang='lat' dir='ltr'><strong>eadem</strong></span> <span class='ocrx_word' id='word_1_178' title='bbox 950 2325 1043 2387; x_wconf 89' lang='lat' dir='ltr'><strong>etiam</strong></span> <span class='ocrx_word' id='word_1_179' title='bbox 1067 2321 1263 2403; x_wconf 85' lang='lat' dir='ltr'><strong>prouidentia</strong></span> <span class='ocrx_word' id='word_1_180' title='bbox 1285 2337 1324 2384; x_wconf 90' lang='lat' dir='ltr'><strong>ac</strong></span> 
     </span>
     <span class='ocr_line' id='line_1_21' title="bbox 163 2422 1325 2505; baseline 0.001 -18"><span class='ocrx_word' id='word_1_181' title='bbox 163 2422 320 2488; x_wconf 76' lang='lat' dir='ltr'><strong>roratione</strong></span> <span class='ocrx_word' id='word_1_182' title='bbox 342 2422 527 2501; x_wconf 84' lang='lat' dir='ltr'><strong>mederetur,</strong></span> <span class='ocrx_word' id='word_1_183' title='bbox 551 2424 735 2505; x_wconf 84' lang='lat' dir='ltr'><strong>praesertim</strong></span> <span class='ocrx_word' id='word_1_184' title='bbox 759 2442 828 2488; x_wconf 91' lang='lat' dir='ltr'><strong>cum</strong></span> <span class='ocrx_word' id='word_1_185' title='bbox 851 2425 945 2488; x_wconf 89' lang='lat' dir='ltr'><strong>etiam</strong></span> <span class='ocrx_word' id='word_1_186' title='bbox 964 2423 996 2487; x_wconf 95' lang='lat' dir='ltr'><strong>in</strong></span> <span class='ocrx_word' id='word_1_187' title='bbox 1011 2424 1060 2488; x_wconf 90' lang='lat' dir='ltr'><strong>his</strong></span> <span class='ocrx_word' id='word_1_188' title='bbox 1084 2441 1162 2505; x_wconf 91' lang='lat' dir='ltr'><strong>quae</strong></span> <span class='ocrx_word' id='word_1_189' title='bbox 1185 2424 1325 2488; x_wconf 89' lang='lat' dir='ltr'><strong>humano</strong></span> 
     </span>
     <span class='ocr_line' id='line_1_22' title="bbox 148 2525 1323 2608; baseline -0.006 -12"><span class='ocrx_word' id='word_1_190' title='bbox 148 2593 150 2596; x_wconf 12' lang='lat' dir='ltr'><strong>a</strong></span> <span class='ocrx_word' id='word_1_191' title='bbox 200 2527 271 2591; x_wconf 91' lang='lat' dir='ltr'><strong>actu</strong></span> <span class='ocrx_word' id='word_1_192' title='bbox 294 2525 553 2591; x_wconf 86' lang='lat' dir='ltr'><strong>administrantur</strong></span> <span class='ocrx_word' id='word_1_193' title='bbox 580 2525 660 2590; x_wconf 93' lang='lat' dir='ltr'><strong>nihil</strong></span> <span class='ocrx_word' id='word_1_194' title='bbox 688 2528 812 2608; x_wconf 86' lang='lat' dir='ltr'><strong>penitus</strong></span> <span class='ocrx_word' id='word_1_195' title='bbox 835 2530 900 2592; x_wconf 91' lang='lat' dir='ltr'><strong>sine</strong></span> <span class='ocrx_word' id='word_1_196' title='bbox 923 2529 1042 2592; x_wconf 90' lang='lat' dir='ltr'><strong>ratione</strong></span> <span class='ocrx_word' id='word_1_197' title='bbox 1065 2526 1230 2605; x_wconf 83' lang='lat' dir='ltr'><strong>consistat,</strong></span> <span class='ocrx_word' id='word_1_198' title='bbox 1254 2545 1323 2590; x_wconf 90' lang='lat' dir='ltr'><strong>om-</strong></span> 
     </span>
     <span class='ocr_line' id='line_1_23' title="bbox 198 2627 1324 2712; baseline 0.001 -19"><span class='ocrx_word' id='word_1_199' title='bbox 198 2628 311 2711; x_wconf 85' lang='lat' dir='ltr'><strong>niaque</strong></span> <span class='ocrx_word' id='word_1_200' title='bbox 333 2630 378 2694; x_wconf 88' lang='lat' dir='ltr'><strong>ita</strong></span> <span class='ocrx_word' id='word_1_201' title='bbox 401 2647 419 2694; x_wconf 91' lang='lat' dir='ltr'><strong>a</strong></span> <span class='ocrx_word' id='word_1_202' title='bbox 441 2627 636 2709; x_wconf 87' lang='lat' dir='ltr'><strong>prouidentia</strong></span> <span class='ocrx_word' id='word_1_203' title='bbox 658 2629 908 2696; x_wconf 90' lang='lat' dir='ltr'><strong>incolumitatem</strong></span> <span class='ocrx_word' id='word_1_204' title='bbox 931 2631 1020 2712; x_wconf 91' lang='lat' dir='ltr'><strong>quasi</strong></span> <span class='ocrx_word' id='word_1_205' title='bbox 1036 2649 1144 2712; x_wconf 88' lang='lat' dir='ltr'><strong>corpus</strong></span> <span class='ocrx_word' id='word_1_206' title='bbox 1160 2629 1198 2695; x_wconf 87' lang='lat' dir='ltr'><strong>ab</strong></span> <span class='ocrx_word' id='word_1_207' title='bbox 1216 2630 1324 2694; x_wconf 91' lang='lat' dir='ltr'><strong>anima</strong></span> 
     </span>
     <span class='ocr_line' id='line_1_24' title="bbox 198 2729 1325 2815; baseline 0.002 -21"><span class='ocrx_word' id='word_1_208' title='bbox 198 2732 297 2796; x_wconf 92' lang='lat' dir='ltr'><strong>uitam</strong></span> <span class='ocrx_word' id='word_1_209' title='bbox 328 2731 469 2807; x_wconf 84' lang='lat' dir='ltr'><strong>trahant3</strong></span> <span class='ocrx_word' id='word_1_210' title='bbox 498 2729 628 2813; x_wconf 90' lang='lat' dir='ltr'><strong>ideoque</strong></span> <span class='ocrx_word' id='word_1_211' title='bbox 656 2731 689 2796; x_wconf 90' lang='lat' dir='ltr'><strong>in</strong></span> <span class='ocrx_word' id='word_1_212' title='bbox 712 2734 771 2798; x_wconf 91' lang='lat' dir='ltr'><strong>hoc</strong></span> <span class='ocrx_word' id='word_1_213' title='bbox 794 2734 908 2798; x_wconf 87' lang='lat' dir='ltr'><strong>mundo</strong></span> <span class='ocrx_word' id='word_1_214' title='bbox 931 2753 991 2799; x_wconf 93' lang='lat' dir='ltr'><strong>non</strong></span> <span class='ocrx_word' id='word_1_215' title='bbox 1014 2734 1112 2799; x_wconf 90' lang='lat' dir='ltr'><strong>solum</strong></span> <span class='ocrx_word' id='word_1_216' title='bbox 1137 2734 1268 2815; x_wconf 86' lang='lat' dir='ltr'><strong>imperia</strong></span> <span class='ocrx_word' id='word_1_217' title='bbox 1291 2735 1325 2796; x_wconf 90' lang='lat' dir='ltr'><strong>et</strong></span> 
     </span>
     <span class='ocr_line' id='line_1_25' title="bbox 198 2834 1324 2919; baseline 0.004 -22"><span class='ocrx_word' id='word_1_218' title='bbox 198 2835 370 2914; x_wconf 87' lang='lat' dir='ltr'><strong>prouincias</strong></span> <span class='ocrx_word' id='word_1_219' title='bbox 394 2853 493 2917; x_wconf 85' lang='lat' dir='ltr'><strong>neque</strong></span> <span class='ocrx_word' id='word_1_220' title='bbox 516 2854 582 2900; x_wconf 90' lang='lat' dir='ltr'><strong>rem</strong></span> <span class='ocrx_word' id='word_1_221' title='bbox 606 2834 732 2900; x_wconf 90' lang='lat' dir='ltr'><strong>ciuilem</strong></span> <span class='ocrx_word' id='word_1_222' title='bbox 749 2854 784 2900; x_wconf 91' lang='lat' dir='ltr'><strong>ac</strong></span> <span class='ocrx_word' id='word_1_223' title='bbox 799 2837 982 2919; x_wconf 90' lang='lat' dir='ltr'><strong>militarem,</strong></span> <span class='ocrx_word' id='word_1_224' title='bbox 1006 2836 1060 2901; x_wconf 91' lang='lat' dir='ltr'><strong>sed</strong></span> <span class='ocrx_word' id='word_1_225' title='bbox 1084 2837 1181 2901; x_wconf 88' lang='lat' dir='ltr'><strong>etiam</strong></span> <span class='ocrx_word' id='word_1_226' title='bbox 1200 2836 1324 2901; x_wconf 90' lang='lat' dir='ltr'><strong>minora</strong></span> 
     </span>
     <span class='ocr_line' id='line_1_26' title="bbox 163 2935 1324 3022; baseline 0.006 -25"><span class='ocrx_word' id='word_1_227' title='bbox 163 2935 301 3001; x_wconf 66' lang='lat' dir='ltr'><strong>incilicia</strong></span> <span class='ocrx_word' id='word_1_228' title='bbox 317 2941 348 3002; x_wconf 89' lang='lat' dir='ltr'><strong>et</strong></span> <span class='ocrx_word' id='word_1_229' title='bbox 363 2937 502 3018; x_wconf 90' lang='lat' dir='ltr'><strong>priuatas</strong></span> <span class='ocrx_word' id='word_1_230' title='bbox 526 2938 642 3019; x_wconf 85' lang='lat' dir='ltr'><strong>domos,</strong></span> <span class='ocrx_word' id='word_1_231' title='bbox 666 2940 799 3022; x_wconf 86' lang='lat' dir='ltr'><strong>pecudes</strong></span> <span class='ocrx_word' id='word_1_232' title='bbox 818 2941 949 3022; x_wconf 89' lang='lat' dir='ltr'><strong>denique</strong></span> <span class='ocrx_word' id='word_1_233' title='bbox 966 2940 1047 3022; x_wconf 87' lang='lat' dir='ltr'><strong>ipsas</strong></span> <span class='ocrx_word' id='word_1_234' title='bbox 1064 2942 1094 3005; x_wconf 88' lang='lat' dir='ltr'><strong>et</strong></span> <span class='ocrx_word' id='word_1_235' title='bbox 1110 2939 1324 3004; x_wconf 89' lang='lat' dir='ltr'><strong>minutissima</strong></span> 
     </span>
     <span class='ocr_line' id='line_1_27' title="bbox 199 3039 1324 3124; baseline 0.005 -22"><span class='ocrx_word' id='word_1_236' title='bbox 199 3055 337 3120; x_wconf 87' lang='lat' dir='ltr'><strong>quaeque</strong></span> <span class='ocrx_word' id='word_1_237' title='bbox 370 3039 611 3106; x_wconf 90' lang='lat' dir='ltr'><strong>domesticarum</strong></span> <span class='ocrx_word' id='word_1_238' title='bbox 647 3041 855 3107; x_wconf 87' lang='lat' dir='ltr'><strong>animantium</strong></span> <span class='ocrx_word' id='word_1_239' title='bbox 882 3060 996 3124; x_wconf 89' lang='lat' dir='ltr'><strong>genera</strong></span> <span class='ocrx_word' id='word_1_240' title='bbox 1018 3060 1079 3107; x_wconf 93' lang='lat' dir='ltr'><strong>non</strong></span> <span class='ocrx_word' id='word_1_241' title='bbox 1101 3045 1162 3107; x_wconf 89' lang='lat' dir='ltr'><strong>nisi</strong></span> <span class='ocrx_word' id='word_1_242' title='bbox 1184 3043 1324 3108; x_wconf 87' lang='lat' dir='ltr'><strong>hnmana</strong></span> 
     </span>
     <span class='ocr_line' id='line_1_28' title="bbox 199 3140 1322 3229; baseline 0.005 -25"><span class='ocrx_word' id='word_1_243' title='bbox 199 3140 389 3206; x_wconf 86' lang='lat' dir='ltr'><strong>ordinatione</strong></span> <span class='ocrx_word' id='word_1_244' title='bbox 413 3144 506 3224; x_wconf 89' lang='lat' dir='ltr'><strong>atque</strong></span> <span class='ocrx_word' id='word_1_245' title='bbox 529 3143 658 3208; x_wconf 90' lang='lat' dir='ltr'><strong>consilio</strong></span> <span class='ocrx_word' id='word_1_246' title='bbox 681 3147 770 3226; x_wconf 88' lang='lat' dir='ltr'><strong>quasi</strong></span> <span class='ocrx_word' id='word_1_247' title='bbox 793 3148 927 3227; x_wconf 88' lang='lat' dir='ltr'><strong>quadarn</strong></span> <span class='ocrx_word' id='word_1_248' title='bbox 949 3164 1044 3210; x_wconf 90' lang='lat' dir='ltr'><strong>manu</strong></span> <span class='ocrx_word' id='word_1_249' title='bbox 1060 3147 1091 3209; x_wconf 88' lang='lat' dir='ltr'><strong>et</strong></span> <span class='ocrx_word' id='word_1_250' title='bbox 1113 3144 1322 3229; x_wconf 89' lang='lat' dir='ltr'><strong>gubernaculo</strong></span> 
     </span>
     <span class='ocr_line' id='line_1_29' title="bbox 200 3243 1322 3313; baseline 0.003 -5"><span class='ocrx_word' id='word_1_251' title='bbox 200 3243 358 3309; x_wconf 87' lang='lat' dir='ltr'><strong>contineri.</strong></span> <span class='ocrx_word' id='word_1_252' title='bbox 404 3248 436 3310; x_wconf 89' lang='lat' dir='ltr'><strong>et</strong></span> <span class='ocrx_word' id='word_1_253' title='bbox 468 3246 544 3311; x_wconf 88' lang='lat' dir='ltr'><strong>haec</strong></span> <span class='ocrx_word' id='word_1_254' title='bbox 578 3247 681 3312; x_wconf 91' lang='lat' dir='ltr'><strong>omnia</strong></span> <span class='ocrx_word' id='word_1_255' title='bbox 714 3248 779 3312; x_wconf 90' lang='lat' dir='ltr'><strong>sine</strong></span> <span class='ocrx_word' id='word_1_256' title='bbox 815 3247 907 3312; x_wconf 90' lang='lat' dir='ltr'><strong>dubio</strong></span> <span class='ocrx_word' id='word_1_257' title='bbox 941 3250 1103 3313; x_wconf 90' lang='lat' dir='ltr'><strong>uoluntate</strong></span> <span class='ocrx_word' id='word_1_258' title='bbox 1138 3266 1174 3312; x_wconf 91' lang='lat' dir='ltr'><strong>ac</strong></span> <span class='ocrx_word' id='word_1_259' title='bbox 1206 3248 1322 3313; x_wconf 90' lang='lat' dir='ltr'><strong>iudicio</strong></span> 
     </span>
     <span class='ocr_line' id='line_1_30' title="bbox 198 3347 1376 3435; baseline 0.008 -26"><span class='ocrx_word' id='word_1_260' title='bbox 198 3347 312 3411; x_wconf 93' lang='lat' dir='ltr'><strong>summi</strong></span> <span class='ocrx_word' id='word_1_261' title='bbox 346 3347 410 3412; x_wconf 91' lang='lat' dir='ltr'><strong>dei:</strong></span> <span class='ocrx_word' id='word_1_262' title='bbox 446 3347 567 3414; x_wconf 89' lang='lat' dir='ltr'><strong>scilicet</strong></span> <span class='ocrx_word' id='word_1_263' title='bbox 594 3353 630 3414; x_wconf 91' lang='lat' dir='ltr'><strong>nt</strong></span> <span class='ocrx_word' id='word_1_264' title='bbox 660 3368 694 3415; x_wconf 90' lang='lat' dir='ltr'><strong>eo</strong></span> <span class='ocrx_word' id='word_1_265' title='bbox 723 3351 861 3432; x_wconf 84' lang='lat' dir='ltr'><strong>exemplo</strong></span> <span class='ocrx_word' id='word_1_266' title='bbox 895 3367 984 3415; x_wconf 91' lang='lat' dir='ltr'><strong>omne</strong></span> <span class='ocrx_word' id='word_1_267' title='bbox 1018 3350 1188 3414; x_wconf 91' lang='lat' dir='ltr'><strong>humanum</strong></span> <span class='ocrx_word' id='word_1_268' title='bbox 1222 3354 1376 3435; x_wconf 79' lang='lat' dir='ltr'><strong>genus20</strong></span> 
     </span>
     <span class='ocr_line' id='line_1_31' title="bbox 162 3449 1321 3537; baseline 0.004 -24"><span class='ocrx_word' id='word_1_269' title='bbox 162 3449 367 3531; x_wconf 83' lang='lat' dir='ltr'><strong>separticulas</strong></span> <span class='ocrx_word' id='word_1_270' title='bbox 391 3469 493 3516; x_wconf 91' lang='lat' dir='ltr'><strong>rerum</strong></span> <span class='ocrx_word' id='word_1_271' title='bbox 517 3454 548 3516; x_wconf 87' lang='lat' dir='ltr'><strong>et</strong></span> <span class='ocrx_word' id='word_1_272' title='bbox 571 3453 712 3519; x_wconf 90' lang='lat' dir='ltr'><strong>membra</strong></span> <span class='ocrx_word' id='word_1_273' title='bbox 734 3454 865 3537; x_wconf 87' lang='lat' dir='ltr'><strong>regeret,</strong></span> <span class='ocrx_word' id='word_1_274' title='bbox 890 3472 948 3536; x_wconf 91' lang='lat' dir='ltr'><strong>quo</strong></span> <span class='ocrx_word' id='word_1_275' title='bbox 964 3454 1029 3536; x_wconf 89' lang='lat' dir='ltr'><strong>ipse</strong></span> <span class='ocrx_word' id='word_1_276' title='bbox 1052 3471 1208 3517; x_wconf 91' lang='lat' dir='ltr'><strong>summam</strong></span> <span class='ocrx_word' id='word_1_277' title='bbox 1224 3453 1321 3518; x_wconf 92' lang='lat' dir='ltr'><strong>totius</strong></span> 
     </span>
    </p>
   </div>
   <div class='ocr_carea' id='block_1_3' title="bbox 194 3688 1324 4277">
    <p class='ocr_par' dir='ltr' id='par_1_3' title="bbox 194 3688 1324 4277">
     <span class='ocr_line' id='line_1_32' title="bbox 248 3688 1323 3763; baseline 0.009 -23"><span class='ocrx_word' id='word_1_278' title='bbox 248 3688 262 3739; x_wconf 91' lang='lat'>1</span> <span class='ocrx_word' id='word_1_279' title='bbox 287 3689 401 3743; x_wconf 83' lang='lat' dir='ltr'><strong>maxime</strong></span> <span class='ocrx_word' id='word_1_280' title='bbox 424 3690 471 3744; x_wconf 91' lang='lat' dir='ltr'><strong>deo</strong></span> <span class='ocrx_word' id='word_1_281' title='bbox 492 3691 519 3744; x_wconf 87' lang='lat' dir='ltr'><strong><em>A</em></strong></span> <span class='ocrx_word' id='word_1_282' title='bbox 542 3691 589 3746; x_wconf 81' lang='lat' dir='ltr'><strong>scd</strong></span> <span class='ocrx_word' id='word_1_283' title='bbox 605 3692 693 3763; x_wconf 76' lang='lat' dir='ltr'><strong>sigale</strong></span> <span class='ocrx_word' id='word_1_284' title='bbox 710 3694 929 3761; x_wconf 70' lang='lat' dir='ltr'><strong>transpositionis</strong></span> <span class='ocrx_word' id='word_1_285' title='bbox 946 3711 979 3748; x_wconf 87' lang='lat' dir='ltr'><strong>m.</strong></span> <span class='ocrx_word' id='word_1_286' title='bbox 999 3699 1014 3748; x_wconf 88' lang='lat'><strong><em>1</em></strong></span> <span class='ocrx_word' id='word_1_287' title='bbox 1033 3693 1137 3749; x_wconf 82' lang='lat' dir='ltr'><strong>additis</strong></span> <span class='ocrx_word' id='word_1_288' title='bbox 1240 3696 1255 3748; x_wconf 83' lang='lat'>2</span> <span class='ocrx_word' id='word_1_289' title='bbox 1274 3695 1323 3750; x_wconf 89' lang='lat' dir='ltr'><strong>hoc</strong></span> 
     </span>
     <span class='ocr_line' id='line_1_33' title="bbox 197 3770 1321 3850; baseline 0.011 -26"><span class='ocrx_word' id='word_1_290' title='bbox 197 3770 224 3824; x_wconf 99' lang='grc' dir='ltr'><strong><em>Β</em></strong></span> <span class='ocrx_word' id='word_1_291' title='bbox 241 3772 303 3827; x_wconf 83' lang='lat' dir='ltr'><strong>cdd.</strong></span> <span class='ocrx_word' id='word_1_292' title='bbox 323 3779 396 3829; x_wconf 63' lang='grc' dir='ltr'><em>Μ</em></span> <span class='ocrx_word' id='word_1_293' title='bbox 497 3778 515 3831; x_wconf 86' lang='grc'>4</span> <span class='ocrx_word' id='word_1_294' title='bbox 538 3779 682 3832; x_wconf 87' lang='lat' dir='ltr'><strong>reseruarit</strong></span> <span class='ocrx_word' id='word_1_295' title='bbox 705 3778 732 3832; x_wconf 94' lang='grc' dir='ltr'><strong><em>Β</em></strong></span> <span class='ocrx_word' id='word_1_296' title='bbox 837 3779 853 3832; x_wconf 88' lang='grc'>9</span> <span class='ocrx_word' id='word_1_297' title='bbox 875 3779 1043 3835; x_wconf 86' lang='lat' dir='ltr'><strong>adfirmemus</strong></span> <span class='ocrx_word' id='word_1_298' title='bbox 1063 3784 1130 3850; x_wconf 83' lang='lat' dir='ltr'><strong>(aaa</strong></span> <span class='ocrx_word' id='word_1_299' title='bbox 1147 3782 1321 3849; x_wconf 84' lang='lat' dir='ltr'><strong>affirmemus)</strong></span> 
     </span>
     <span class='ocr_line' id='line_1_34' title="bbox 196 3857 1324 3934; baseline 0.012 -22"><span class='ocrx_word' id='word_1_300' title='bbox 196 3857 223 3911; x_wconf 99' lang='grc' dir='ltr'><strong><em>Β</em></strong></span> <span class='ocrx_word' id='word_1_301' title='bbox 314 3863 343 3915; x_wconf 92' lang='lat'><strong>11</strong></span> <span class='ocrx_word' id='word_1_302' title='bbox 364 3862 549 3917; x_wconf 86' lang='lat' dir='ltr'><strong>estiudicium</strong></span> <span class='ocrx_word' id='word_1_303' title='bbox 568 3864 595 3918; x_wconf 94' lang='grc' dir='ltr'><strong><em>Β</em></strong></span> <span class='ocrx_word' id='word_1_304' title='bbox 688 3865 720 3919; x_wconf 89' lang='grc'><strong>12</strong></span> <span class='ocrx_word' id='word_1_305' title='bbox 739 3865 811 3934; x_wconf 86' lang='lat' dir='ltr'><strong>qnod</strong></span> <span class='ocrx_word' id='word_1_306' title='bbox 829 3868 900 3921; x_wconf 86' lang='lat' dir='ltr'><strong>etA</strong></span> <span class='ocrx_word' id='word_1_307' title='bbox 918 3868 986 3922; x_wconf 85' lang='lat' dir='ltr'><strong>etB</strong></span> <span class='ocrx_word' id='word_1_308' title='bbox 1006 3874 1068 3923; x_wconf 59' lang='grc' dir='ltr'><strong>ΜΛ</strong></span> <span class='ocrx_word' id='word_1_309' title='bbox 1159 3870 1209 3924; x_wconf 92' lang='lat' dir='ltr'><strong>hoc</strong></span> <span class='ocrx_word' id='word_1_310' title='bbox 1227 3871 1269 3925; x_wconf 89' lang='lat' dir='ltr'><strong>uis</strong></span> <span class='ocrx_word' id='word_1_311' title='bbox 1287 3887 1324 3926; x_wconf 78' lang='lat' dir='ltr'><strong>ea·</strong></span> 
     </span>
     <span class='ocr_line' id='line_1_35' title="bbox 195 3942 1322 4027; baseline 0.013 -30"><span class='ocrx_word' id='word_1_312' title='bbox 195 3942 275 3999; x_wconf 89' lang='lat' dir='ltr'><strong>huius</strong></span> <span class='ocrx_word' id='word_1_313' title='bbox 292 3948 320 3999; x_wconf 98' lang='lat' dir='ltr'><strong><em>A</em></strong></span> <span class='ocrx_word' id='word_1_314' title='bbox 338 3963 406 4001; x_wconf 80' lang='lat' dir='ltr'><strong>corr.</strong></span> <span class='ocrx_word' id='word_1_315' title='bbox 425 3965 458 4002; x_wconf 84' lang='lat' dir='ltr'><strong>m.</strong></span> <span class='ocrx_word' id='word_1_316' title='bbox 476 3965 529 4005; x_wconf 83' lang='lat' dir='ltr'><strong>rec.</strong></span> <span class='ocrx_word' id='word_1_317' title='bbox 557 3949 636 4004; x_wconf 87' lang='lat' dir='ltr'><strong>huius</strong></span> <span class='ocrx_word' id='word_1_318' title='bbox 662 3951 705 4003; x_wconf 91' lang='lat' dir='ltr'><strong>uis</strong></span> <span class='ocrx_word' id='word_1_319' title='bbox 733 3951 761 4004; x_wconf 91' lang='grc' dir='ltr'><strong><em>Β</em></strong></span> <span class='ocrx_word' id='word_1_320' title='bbox 783 3952 855 4018; x_wconf 84' lang='lat' dir='ltr'><strong>(item</strong></span> <span class='ocrx_word' id='word_1_321' title='bbox 873 3969 902 4017; x_wconf 82' lang='lat' dir='ltr'><strong>v,</strong></span> <span class='ocrx_word' id='word_1_322' title='bbox 927 3953 1023 4009; x_wconf 74' lang='lat' dir='ltr'><strong>acde&#39;a</strong></span> <span class='ocrx_word' id='word_1_323' title='bbox 1041 3972 1088 4026; x_wconf 74' lang='lat' dir='ltr'><strong>arg.</strong></span> <span class='ocrx_word' id='word_1_324' title='bbox 1108 3955 1156 4010; x_wconf 92' lang='lat' dir='ltr'><strong>hoc</strong></span> <span class='ocrx_word' id='word_1_325' title='bbox 1174 3958 1322 4027; x_wconf 76' lang='lat' dir='ltr'><strong>adscripsit</strong></span> 
     </span>
     <span class='ocr_line' id='line_1_36' title="bbox 194 4030 1321 4105; baseline 0.013 -21"><span class='ocrx_word' id='word_1_326' title='bbox 194 4030 389 4097; x_wconf 71' lang='lat' dir='ltr'><strong>Brassicaaoe)</strong></span> <span class='ocrx_word' id='word_1_327' title='bbox 495 4035 526 4088; x_wconf 86' lang='lat'><strong>21</strong></span> <span class='ocrx_word' id='word_1_328' title='bbox 551 4037 705 4105; x_wconf 86' lang='lat' dir='ltr'><strong>omniaquae</strong></span> <span class='ocrx_word' id='word_1_329' title='bbox 723 4039 749 4090; x_wconf 87' lang='lat' dir='ltr'><strong><em>A</em></strong></span> <span class='ocrx_word' id='word_1_330' title='bbox 767 4043 835 4091; x_wconf 77' lang='lat' dir='ltr'><strong>ml</strong></span> <span class='ocrx_word' id='word_1_331' title='bbox 931 4041 1004 4097; x_wconf 69' lang='lat' dir='ltr'><strong>‚aaa</strong></span> <span class='ocrx_word' id='word_1_332' title='bbox 1021 4057 1071 4096; x_wconf 87' lang='lat' dir='ltr'><strong>om.</strong></span> <span class='ocrx_word' id='word_1_333' title='bbox 1090 4045 1115 4095; x_wconf 86' lang='lat' dir='ltr'><strong><em>A</em></strong></span> <span class='ocrx_word' id='word_1_334' title='bbox 1221 4046 1321 4099; x_wconf 89' lang='lat' dir='ltr'><strong>incolc-</strong></span> 
     </span>
     <span class='ocr_line' id='line_1_37' title="bbox 194 4116 1251 4198; baseline 0.014 -30"><span class='ocrx_word' id='word_1_335' title='bbox 194 4116 317 4170; x_wconf 87' lang='lat' dir='ltr'><strong>mitatcm</strong></span> <span class='ocrx_word' id='word_1_336' title='bbox 330 4118 358 4170; x_wconf 93' lang='grc' dir='ltr'><strong><em>Β</em></strong></span> <span class='ocrx_word' id='word_1_337' title='bbox 445 4118 479 4172; x_wconf 83' lang='lat'><strong>23</strong></span> <span class='ocrx_word' id='word_1_338' title='bbox 491 4119 626 4188; x_wconf 74' lang='lat' dir='ltr'><strong>idoqueB</strong></span> <span class='ocrx_word' id='word_1_339' title='bbox 709 4122 742 4175; x_wconf 83' lang='lat'><strong>24</strong></span> <span class='ocrx_word' id='word_1_340' title='bbox 753 4123 953 4190; x_wconf 75' lang='lat' dir='ltr'><strong>prouinciisA·</strong></span> <span class='ocrx_word' id='word_1_341' title='bbox 1005 4129 1119 4197; x_wconf 78' lang='lat' dir='ltr'><strong>neque]</strong></span> <span class='ocrx_word' id='word_1_342' title='bbox 1133 4131 1251 4198; x_wconf 89' lang='lat' dir='ltr'><strong>atqueB</strong></span> 
     </span>
     <span class='ocr_line' id='line_1_38' title="bbox 194 4200 1202 4277; baseline 0.016 -24"><span class='ocrx_word' id='word_1_343' title='bbox 194 4200 228 4254; x_wconf 78' lang='lat'><strong>26</strong></span> <span class='ocrx_word' id='word_1_344' title='bbox 246 4200 363 4257; x_wconf 87' lang='lat' dir='ltr'><strong>humana</strong></span> <span class='ocrx_word' id='word_1_345' title='bbox 381 4217 402 4256; x_wconf 83' lang='lat' dir='ltr'><strong>s.</strong></span> <span class='ocrx_word' id='word_1_346' title='bbox 420 4219 471 4258; x_wconf 87' lang='lat' dir='ltr'><strong>scr.</strong></span> <span class='ocrx_word' id='word_1_347' title='bbox 489 4221 523 4258; x_wconf 86' lang='lat' dir='ltr'><strong>m.</strong></span> <span class='ocrx_word' id='word_1_348' title='bbox 542 4221 594 4261; x_wconf 82' lang='lat' dir='ltr'><strong>rec.</strong></span> <span class='ocrx_word' id='word_1_349' title='bbox 615 4206 707 4262; x_wconf 87' lang='lat' dir='ltr'><strong>diuina</strong></span> <span class='ocrx_word' id='word_1_350' title='bbox 724 4209 751 4260; x_wconf 91' lang='lat' dir='ltr'><strong><em>A</em></strong></span> <span class='ocrx_word' id='word_1_351' title='bbox 854 4209 888 4264; x_wconf 83' lang='lat'><strong>29</strong></span> <span class='ocrx_word' id='word_1_352' title='bbox 895 4211 1155 4277; x_wconf 69' lang='lat' dir='ltr'><strong>:gerasaenorum</strong></span> <span class='ocrx_word' id='word_1_353' title='bbox 1174 4215 1202 4269; x_wconf 92' lang='grc' dir='ltr'><strong><em>Β</em></strong></span> 
     </span>
    </p>
   </div>
   <div class='ocr_carea' id='block_1_4' title="bbox 0 0 1542 4764">
    <p class='ocr_par' dir='ltr' id='par_1_4' title="bbox 0 0 1542 4764">
     <span class='ocr_line' id='line_1_39' title="bbox 0 0 1542 4764; baseline 0 3"><span class='ocrx_word' id='word_1_354' title='bbox 0 0 1542 4764; x_wconf 95' lang='lat' dir='ltr'><strong> </strong></span> 
     </span>
    </p>
   </div>
  </div>
 </body>
</html>
