3076 4764
229 279 293 345 296
712 277 871 332 Saluiani

176 465 218 534 81
228 484 298 531 ecce
330 467 403 544 iem,
438 483 508 531 ecce
542 464 681 545 moreris,
716 484 897 550 egressurus
932 468 969 531 de
1006 465 1096 531 domo
1130 468 1264 549 corporis
1297 468 1356 544 tui,

228 570 366 634 nesciens
399 586 460 650 quo
493 569 595 634 iturus
629 588 689 652 quo
724 568 924 636 abducendus
958 569 997 634 ad
1031 587 1124 653 quum
1158 571 1301 653 poenalia
1323 575 1355 637 ei

227 690 322 755 quam
346 676 448 737 taetre
470 672 648 754 rapiendus,
679 671 730 737 cui
751 690 851 737 unum
872 673 1090 738 untummodo
1111 677 1249 755 superest
1272 675 1357 740 inter

228 793 373 858 suprema
394 775 572 859 perfugium
594 793 659 841 unu
673 774 844 858 effugiendi
859 776 977 842 aeterni
999 777 1080 860 ignis
1102 777 1229 858 specula
1251 778 1355 857 datur,

227 881 264 942 ut
284 896 340 961 pro
363 880 394 943 te
417 877 529 943 offerus
552 879 660 943 saltim
683 879 766 961 quod
787 879 821 944 io
843 878 1022 946 substantio
1044 878 1150 958 habes,
1173 880 1245 961 quie
1267 881 1354 946 uliud
1377 902 1390 943 s

226 983 308 1065 quod
342 983 443 1065 possis
473 983 530 1047 deo
560 981 671 1046 offerre
700 983 762 1047 ium
786 998 849 1046 non
870 983 982 1049 hebes:
1017 985 1050 1047 ei
1071 983 1107 1047 tu
1129 981 1285 1047 inmemor
1308 986 1355 1048 tui

227 1085 344 1150 oblitus
368 1084 481 1150 salutis
504 1089 586 1162 tuae,
609 1086 647 1150 de
670 1084 830 1165 legatoriis
844 1085 935 1151 nouis
950 1085 1068 1167 cogitas
1084 1085 1122 1149 de
1137 1084 1355 1168 locupletando

173 1189 340 1256 82herede
361 1187 509 1271 suspiras.
541 1190 572 1252 et
595 1186 671 1252 haec
693 1187 810 1253 iaciens
833 1186 956 1252 credere
977 1188 1010 1253 ie
1031 1185 1183 1252 iudicium
1197 1189 1249 1252 dei
1265 1189 1354 1266 dicis,

226 1292 281 1376 qui
302 1291 372 1372 ribi,
396 1309 467 1356 eum
489 1289 672 1356 iudicandus
695 1291 749 1368 sis,
772 1292 824 1356 uel
847 1291 930 1356 inter
952 1309 1098 1375 supremo
1120 1308 1180 1355 uon
1195 1292 1355 1356 consulis?

227 1397 261 1461 et
283 1395 409 1460 credere
430 1397 462 1458 ie
485 1393 604 1476 aliquid
626 1395 664 1458 de
686 1393 925 1458 saluberrimae
947 1396 1020 1459 tuce
1042 1392 1188 1476 loqueris,
1212 1396 1262 1459 cui
1283 1395 1390 1462 nul-10

142 1563 151 1590 t
225 1499 276 1562 lus
305 1500 353 1562 esi
382 1496 489 1562 anima
508 1498 564 1562 iuu
592 1496 696 1574 uilior,
728 1497 811 1579 apud
834 1515 927 1579 quem
948 1515 1043 1582 prope
1066 1514 1127 1561 non
1148 1495 1282 1562 interest
1304 1499 1355 1563 oui

225 1601 335 1683 prosis,
358 1600 526 1664 dummodo
541 1602 577 1664 ut
598 1597 660 1663 iibi
676 1602 809 1665 noceas?
831 1603 862 1665 et
877 1601 1000 1666 credere
1014 1600 1047 1664 ie
1062 1600 1204 1665 futurum
1213 1600 1355 1667 iudicem

226 1704 316 1779 dicis,
349 1703 432 1785 apud
464 1722 558 1787 quem
592 1704 699 1768 nullus
729 1707 776 1768 esi
809 1703 913 1769 minor
941 1707 1036 1787 utque
1066 1703 1238 1786 despectior
1260 1722 1354 1785 quum

225 1807 292 1889 ipse
313 1805 426 1871 iudex?
462 1824 536 1870 nam
557 1807 591 1870 in
618 1809 745 1870 tantum
768 1826 840 1872 eum
861 1808 984 1889 spernis
1005 1809 1038 1872 in
1062 1807 1186 1872 iunium
1208 1806 1351 1889 despicis,

225 1910 263 1973 ud
284 1926 341 1973 nec
363 1906 490 1972 tibimet
511 1907 573 1991 ipsi
596 1911 750 1986 consules,
781 1908 948 1977 dummodo
969 1913 1035 1976 cius
1058 1909 1141 1975 iusso
1161 1911 1351 1974 condemnes.
1363 1933 1389 1976 ro

171 2012 217 2078 83
226 2011 282 2076 cui
312 2010 421 2076 refelle
452 2029 503 2075 me
537 2014 569 2076 et
603 2010 761 2089 conuince
794 2013 822 2076 si
855 2014 998 2078 mentior.
1041 2013 1157 2078 clamat
1189 2010 1251 2076 tibi
1283 2027 1354 2075 eece

138 2116 139 2119 ’
225 2115 373 2181 morienti
406 2113 483 2197 ipse,
517 2114 571 2198 qui
593 2119 626 2179 ie
647 2113 841 2180 iudicaturus
871 2117 918 2180 est
951 2115 1044 2181 iudex
1073 2118 1156 2193 tuus,
1190 2133 1230 2180 ne
1251 2113 1354 2179 ullum

225 2220 350 2284 omnino
383 2218 541 2284 homiuem
571 2221 603 2284 in
632 2217 835 2300 prorogandis
868 2220 961 2284 rebus
989 2237 1027 2284 ao
1051 2217 1256 2287 ‚facultatibus
1290 2217 1354 2282 tuis

225 2323 297 2405 plus
320 2341 414 2404 quem
436 2325 467 2386 ie
489 2339 585 2400 ames,
615 2340 654 2386 ne
675 2320 735 2386 ulli
758 2321 796 2385 de
818 2321 997 2386 substantia
1018 2324 1074 2386 iuu
1095 2323 1230 2386 moriens
1252 2319 1355 2403 magis

225 2443 319 2508 quam
353 2424 410 2490 tibi
445 2424 598 2502 consulas,
633 2422 757 2488 nullum
787 2423 847 2488 ribi
878 2426 985 2489 anima
1014 2425 1070 2489 tue
1100 2423 1390 2506 propinquioremso

225 2527 349 2594 nullum
370 2527 489 2593 iudices
503 2529 671 2593 cariorem.
706 2528 800 2610 quid
823 2529 926 2593 enim
947 2525 1143 2611 proderit,
1168 2526 1269 2608 inquit
1291 2525 1354 2590 sul·

224 2636 324 2709 ustor,
355 2630 506 2696 homiui
536 2630 570 2696 ei
598 2632 781 2696 lucretur
809 2630 992 2696 mundum
1018 2633 1149 2696 icium
1172 2629 1210 2694 et
1232 2628 1355 2694 deiri·

224 2736 401 2800 menium
430 2734 557 2799 faciat
583 2735 733 2799 animae
754 2738 870 2800 suae?
903 2738 971 2799 uui
992 2733 1086 2817 quid
1109 2732 1221 2797 dabit
1242 2732 1355 2796 homo

170 2835 572 2905 &commutacionem
603 2856 671 2921 pro
702 2838 830 2902 uuimu
856 2841 945 2902 suu?
981 2838 1038 2901 hoc
1061 2838 1109 2901 cst
1131 2837 1246 2900 dicero:
1280 2835 1355 2916 quid

226 2938 576 3022 mercinensium
606 2941 707 3019 homo,
742 2940 888 3023 proderit,
924 2941 951 3004 si
968 2957 1096 3005 'omrem
1126 2940 1278 3003 mundum
1300 2937 1391 3003 autu

225 3044 290 3125 ipse
322 3040 438 3108 habeus
471 3047 526 3107 aui
557 3041 623 3108 iuis
655 3042 804 3126 proximis
833 3043 1038 3124 derelinquas,
1073 3044 1099 3107 si
1126 3041 1237 3106 solutis
1260 3040 1353 3123 eique

226 3144 349 3210 animae
364 3144 553 3211 detrimenta
567 3143 722 3227 potioris?
744 3145 860 3210 dumne
875 3147 958 3210 enim
974 3146 1096 3209 animae
1112 3145 1215 3208 totum
1230 3144 1355 3225 penitus

328 3295 360 3349 21
380 3295 480 3351 March.
499 3297 539 3362 16,
558 3299 592 3352 26

279 3434 432 3490 l-moreris
458 3436 514 3491 AB
540 3435 587 3504 (cf.
605 3442 630 3502 9.
649 3440 687 3492 85
712 3437 768 3493 iam
794 3436 945 3504 moricum:
976 3435 1097 3490 morieris
1119 3435 1288 3505 pHuimiuo

224 3520 242 3572 2
267 3535 320 3588 quo
343 3519 513 3576 obducendur
536 3539 571 3578 cc
591 3523 663 3593 quod
685 3522 847 3579 ubdioerrdus
864 3538 934 3578 corr.
951 3538 987 3576 oe
1006 3526 1027 3576 2
1044 3523 1073 3576 Β
1163 3521 1191 3576 ‚4
1214 3530 1357 3591 'sopruumr

140 3659 147 3672 ,
224 3606 280 3659 ΑΒ
384 3607 491 3676 speculo
512 3608 630 3677 scripsi.-
655 3609 775 3678 speiculc
786 3604 1001 3671 lauriacensem
1028 3624 1067 3662 cm
1087 3609 1163 3675 forte
1180 3606 1307 3676 spicoma
1324 3611 1358 3661 ut

223 3692 822 3762 roecme=reou1uquoceciu1ou111u
919 3694 937 3748 5
953 3693 1050 3748 saliem
1068 3699 1095 3749 et
1111 3693 1205 3749 mutim
1218 3692 1303 3748 ‚hebes
1322 3709 1358 3747 ec

224 3777 362 3833 eultimcr
379 3778 457 3834 hubis
474 3796 545 3835 corr.
562 3783 630 3836 oeci
647 3783 675 3835 A
769 3781 788 3835 'i
805 3781 931 3849 locuplei.
948 3795 984 3834 cu
1001 3780 1094 3849 looopl.
1111 3795 1183 3835 corr.
1195 3774 1263 3836 rm
1279 3782 1307 3832 Α
1325 3784 1357 3834 ot

223 3875 289 3917 mec
305 3863 408 3932 aliquid
424 3881 459 3926 eor,
476 3862 575 3936 riiquit
679 3866 712 3922 13
729 3865 876 3935 dispertior
890 3871 917 3920 et
933 3881 997 3920 onoc
1014 3864 1124 3934 dispicio
1142 3866 1170 3920 A
1187 3871 1214 3920 ct
1232 3865 1303 3933 desp.
1323 3879 1357 3918 erc

224 3946 295 4015 disp.
312 3963 382 4003 corr.
395 3953 463 4004 Μ’
480 3951 509 4007 Β
603 3953 636 4008 15
653 3951 697 4008 rrdr
713 3967 735 4007 o.
751 3967 803 4007 ror.
822 3967 852 4006 eo
867 3955 934 4005 Μ
950 3951 978 4005 Α
1072 3951 1107 4005 18
1122 3950 1258 4004 hominem
1275 3951 1357 4015 Δ(ὺ)ε

109 4045 111 4048 ’
175 4048 177 4054 ’
223 4031 361 4088 hominum
378 4036 406 4090 B
425 4042 452 4091 ct
468 4037 530 4092 eud.
548 4055 611 4093 cum
622 4038 736 4093 Halmio
753 4036 884 4107 urcicoiiur'i
893 4037 990 4092 amico
1084 4036 1277 4106 praerogandis
1295 4035 1357 4090 Rc-

223 4120 376 4176 recuccus
469 4124 504 4179 23
519 4124 585 4194 quid
598 4130 698 4193 pomer.
711 4124 744 4178 id
761 4130 789 4179 ct
804 4134 827 4180 u.
839 4139 891 4179 rer.
902 4127 970 4179 Μ
987 4140 1029 4177 um
1047 4124 1103 4178 AB
1120 4123 1165 4178 iu'o
1176 4129 1203 4178 ct
1214 4126 1288 4187 §.84

224 4205 260 4260 25
276 4205 452 4262 infilicissime
469 4210 496 4262 A
599 4214 676 4264 omui
694 4225 729 4264 eor
745 4209 839 4264 omniu
857 4225 928 4266 corr.
944 4226 979 4264 m.
997 4214 1016 4263 2
1034 4211 1061 4264 B
