3076 4764
500 273 539 326 ad
558 273 736 327 eooleriam
759 273 805 329 III
823 277 838 338 d
856 272 967 326 36-40.
1234 274 1295 339 281

170 465 331 546 pellem,
362 462 465 544 inquit
495 463 635 527 diabolus
664 463 697 528 in
723 461 890 543 seripturis
918 461 1023 540 saeris,
1054 462 1199 542 pellem
1229 479 1296 543 pro

170 567 279 649 pelle
301 568 337 631 et
359 568 500 632 onneta
529 584 624 648 quae
654 563 773 629 habet
804 564 913 629 homo
942 562 1055 628 dabit
1078 581 1144 645 pro
1167 563 1298 629 anima

170 689 247 736 sua.
283 668 521 737 dilectissimam
544 686 609 735 esee
630 667 767 733 animem
782 685 873 732 suam
894 666 1013 731 homini
1036 666 1297 733 etiam-diabolus

171 792 231 839 nou
261 772 398 856 negauit,
431 772 540 852 etqui
570 771 711 836 auertere
734 771 860 836 omnino
885 773 1010 835 onnetos
1030 773 1073 835 ab
1094 769 1207 834 affeetu
1227 770 1297 835 ani·

149 894 293 941 amarum
324 893 451 940 suarum
484 873 607 953 nititur,
639 872 725 939 idem
758 878 866 938 tamen
892 871 1066 938 carissimas
1099 890 1164 936 esse
1187 872 1298 936 debere

171 978 291 1042 eunetis
320 979 440 1042 animas
470 974 646 1042 confitetur.
683 974 753 1057 quis
783 994 857 1059 erge
886 975 973 1040 furor
994 977 1042 1039 est
1064 976 1142 1039 uiles
1167 974 1297 1040 anobis
1308 976 1350 1042 39

171 1080 291 1146 animas
313 1083 435 1144 uestras
458 1078 574 1152 haberi,
599 1097 675 1160 quas
694 1078 793 1145 etiam
816 1078 957 1143 diabdus
980 1081 1072 1158 putat
1095 1096 1159 1142 esee
1180 1079 1298 1160 pretio·

171 1186 243 1248 sas?
265 1184 333 1264 quis
355 1181 439 1247 furor
461 1184 510 1247 est
532 1181 610 1247 uites
626 1198 645 1245 a
659 1180 748 1247 uobis
771 1179 888 1257 haberi,
913 1198 989 1262 quae
1013 1181 1112 1246 etiam
1133 1182 1189 1246 ille
1210 1199 1298 1248 oaras

172 1285 260 1350 uobis
284 1285 396 1351 debere
419 1302 485 1350 esse
506 1283 593 1364 dioit,
617 1285 670 1366 qui
693 1284 771 1349 uiles
794 1283 895 1349 faeere
919 1285 1071 1349 conatur?
1103 1302 1142 1348 ao
1164 1303 1218 1365 per
1241 1286 1298 1350 hoo

135 1413 163 1453 10
172 1388 357 1470 quicumque
390 1388 510 1454 animae
538 1406 610 1452 sues
632 1388 814 1470 neglegunt,
839 1387 935 1452 etiam
955 1387 1037 1452 inira
1058 1387 1207 1453 iudicium
1230 1389 1298 1453 dia»

171 1491 236 1558 boli
259 1510 292 1556 se
314 1494 432 1557 amant.
471 1507 549 1571 quae
580 1508 650 1555 eum
679 1492 725 1555 ita
755 1490 828 1571 sint,
862 1490 967 1555 uidete
997 1508 1062 1574 noe,
1097 1491 1151 1572 qui
1180 1489 1299 1572 putatis

172 1593 333 1677 religiosos
356 1593 496 1658 homines
518 1610 581 1657 non
603 1592 716 1663 habere
744 1592 857 1675 quibus
887 1593 1066 1676 relinquant
1088 1595 1299 1659 substantiam

172 1715 272 1780 suam,
295 1697 400 1761 uidete
416 1696 467 1761 uel
481 1696 569 1761 iuxta
583 1695 702 1762 diaboli
717 1695 903 1777 opinionem,
927 1696 1032 1762 uidete
1049 1697 1077 1761 si
1092 1716 1154 1762 non
1169 1697 1299 1777 habent,

172 1801 225 1881 qui
246 1818 281 1864 se
305 1799 387 1882 ipsos
409 1799 536 1864 habent.

136 1948 163 1990 11
213 1919 253 1984 Χ.
284 1919 431 1986 Sufficere
463 1920 588 2003 quidem
623 1922 662 1984 ad
692 1921 772 1986 hane
803 1920 922 2002 negotii
955 1922 1137 2001 portionem,
1172 1921 1209 1986 de
1239 1924 1354 2003 qua40

172 2039 254 2088 ranno
276 2022 391 2106 agitur,
414 2024 491 2088 haeo
512 2041 591 2104 quae
611 2023 677 2088 iam
692 2025 827 2088 diximus
841 2025 919 2088 satis
935 2025 1084 2088 arbitror:
1110 2024 1164 2088 sed
1178 2024 1301 2090 ostendi

172 2125 206 2190 id
229 2124 316 2190 uobis
339 2125 473 2190 forsitan
484 2144 549 2191 non
563 2126 638 2191 solis
650 2127 826 2191 uirtutibus
853 2145 958 2191 rernm
983 2127 1037 2190 eod
1054 2127 1148 2190 etiam
1165 2127 1300 2191 auetori-

172 2228 291 2293 tatibus
313 2230 523 2310 exemplorum
545 2229 738 2295 desideretis.
769 2229 884 2310 possim
908 2228 1035 2310 quidem
1054 2230 1160 2293 dieere
1181 2228 1301 2293 maiora

174 2331 324 2412 exemplis
347 2331 490 2396 omnibus
514 2331 562 2395 dei
586 2349 652 2395 esse
668 2332 817 2396 mandata
832 2348 889 2394 neo
904 2332 1053 2398 interesse
1069 2330 1109 2395 ad
1125 2334 1300 2414 aagendam

138 2435 352 2502 eodiuinorum
373 2433 540 2499 uerborum
559 2433 791 2512 austeritatem,
814 2434 956 2517 inpleant
971 2451 1007 2498 ea
1023 2433 1162 2498 homines
1180 2451 1220 2498 an
1240 2452 1302 2499 non

174 2536 324 2618 inpleant,
348 2539 420 2619 quia
442 2538 594 2602 uirtutem
616 2553 723 2601 eorum
746 2555 782 2601 ex
805 2535 922 2601 donini
946 2539 1065 2602 eertum
1089 2539 1137 2601 eet
1162 2537 1302 2602 eonetere

175 2659 310 2724 persona
328 2659 390 2706 non
413 2661 449 2705 ex
471 2659 632 2705 seruorum
655 2640 863 2720 oboedientia,
891 2657 960 2727 neo,
975 2639 1047 2706 addi
1066 2642 1114 2704 eis
1136 2643 1302 2706 nee-deee-

276 2828 376 2887 lIob
394 2828 455 2894 2‚4

229 2999 242 3052 l
260 2998 356 3067 inquid
374 2999 401 3052 B
499 2997 624 3053 diabulus
640 2999 667 3055 A
684 2999 748 3054 item
759 3001 802 3066 33,
821 3002 969 3054 1011111136
987 2999 1088 3054 diaboli
1106 3005 1131 3054 et
1148 3003 1185 3055 37
1202 2999 1304 3054 diaboli

174 3099 195 3138 a.
213 3096 265 3139 eor.
288 3086 363 3138 1113
386 3101 404 3137 u
506 3083 524 3138 2
550 3085 670 3153 eanetaq;
698 3085 726 3139 A
755 3089 903 3152 ennetaque
929 3085 957 3138 B
1026 3072 1028 3078 ’
1060 3085 1077 3138 3
1103 3083 1304 3138 diiietissimam

175 3172 203 3224 Α
305 3170 453 3237 anegaeir
471 3169 500 3224 B
600 3169 746 3229 danobis
763 3170 833 3224 uiles
852 3169 879 3224 Β
934 3191 936 3199 ’
981 3170 1015 3224 12
1037 3171 1177 3239 religiosos
1195 3186 1228 3224 eea
1247 3185 1304 3224 -sae

176 3271 246 3317 oorr„
262 3259 337 3313 ere-2
359 3257 387 3313 B
487 3257 522 3313 16
546 3255 788 3326 poetebiewrp
813 3257 917 3312 etate
942 3263 1007 3312 aare
1020 3257 1182 3312 Haimtaaae
1208 3256 1304 3319 idest,

175 3342 245 3411 quod
272 3358 432 3412 praeponere
455 3343 541 3398 uitam
564 3359 638 3411 spem
656 3342 823 3411 salutemque
841 3345 958 3396 uestram
978 3343 1081 3397 eunetis
1100 3342 1207 3395 omnino
1226 3341 1304 3395 rebus

176 3430 257 3498 atque
275 3428 415 3483 affectibus
434 3429 553 3484 debeatis
657 3429 689 3488 17
709 3429 833 3484 forsitam
850 3430 878 3482 A
981 3430 1015 3483 18
1033 3427 1189 3488 desidente
1207 3427 1303 3495 ABp)

177 3513 334 3568 desideratis
352 3530 414 3569 eum
426 3515 487 3570 add.
499 3511 638 3578 Halmius,
656 3531 736 3584 poem
747 3515 871 3570 aeduam
881 3515 1022 3582 scriptore
1032 3513 1105 3584 sapit
1191 3513 1227 3566 19
1240 3517 1305 3581 poet

177 3600 339 3669 mandatap
358 3606 383 3655 et
398 3601 459 3655 edd.
472 3607 537 3656 orate
548 3602 655 3656 Hatra:
673 3601 819 3656 clamantia
836 3599 957 3670 quotidie
974 3601 1003 3653 in
1021 3600 1072 3654 hoe
1089 3597 1202 3653 mundo:
1220 3597 1305 3652 nolite

177 3685 357 3740 thesaurizare
366 3686 447 3742 uobis
457 3688 597 3742 1111111101
606 3689 638 3745 in
649 3692 727 3754 terra,
742 3686 921 3743 thesaurisate
929 3689 1022 3740 antero
1032 3685 1110 3740 nobie
1123 3686 1264 3740 thesauros
1275 3686 1305 3738 111

178 3772 259 3827 melo.
285 3775 315 3826 et
340 3773 423 3827 aiibi:
453 3789 632 3843 quaecumque
659 3775 740 3829 homo
760 3773 947 3839 seminauerit,
974 3771 1040 3827 base
1061 3772 1090 3825 et
1116 3773 1208 3826 metet.
1237 3784 1305 3839 qnae

177 3857 273 3928 ntique
288 3861 346 3912 tam
363 3860 397 3914 ad
414 3860 509 3914 mundi
526 3860 650 3914 heminae
665 3874 746 3929 quam
764 3861 797 3913 ad
814 3860 864 3924 dei,
883 3863 940 3914 tam
951 3857 986 3912 ad
997 3873 1041 3912 eos
1051 3861 1100 3928 qut
1110 3856 1182 3911 tilios
1193 3855 1304 3922 habent,

179 3960 259 4014 qnam
278 3945 311 3999 ad
329 3961 372 3999 eos
390 3947 437 4015 qui
454 3961 507 4000 non
526 3943 735 4015 habent,·aeque
751 3947 871 4015 pertinet
887 3946 936 4011 (eie
949 3960 979 4013 p,
997 3944 1055 3998 rell.
1073 3943 1221 4013 pertinent)
1240 3941 1305 4012 quia

179 4047 239 4086 earn
257 4033 345 4086 uitam
362 4034 498 4086 aeternam
516 4032 612 4086 sonesti¹
625 4031 776 4087 desiderent
793 4030 936 4101 possidere,
957 4046 1015 4084 uon
1033 4031 1075 4085 est
1092 4029 1211 4094 dubium,
1234 4027 1306 4097 quod

178 4117 226 4171 nbi
248 4130 300 4186 par
325 4118 512 4172 uniuersorum
539 4119 633 4172 uotum
656 4120 701 4172 est
728 4117 938 4182 ad'babendnnr,
965 4132 1055 4187 parem
1073 4131 1136 4171 esse
1157 4131 1248 4170 euram
1272 4114 1306 4168 ad

177 4202 381 4271 promerendum
484 4203 516 4257 el
536 4203 650 4274 domini]
669 4203 713 4258 dei
732 4203 759 4259 B
843 4232 845 4238 ⁴
