3076 4764
523 271 560 326 de
576 269 714 341 gubern.
732 271 785 326 dei
803 271 817 328 1
835 276 850 337 ξ
868 273 978 326 51-56.
1272 274 1312 349 27

188 479 306 534 seruo
336 478 417 531 meo
440 459 587 546 Moysi?
623 460 833 549 iratusque
862 461 972 528 abiit.
1013 463 1051 526 et
1077 479 1166 547 esee
1190 464 1314 533 Maria

187 566 375 649 apparuit
412 563 582 630 candens
625 563 737 647 lepra
771 565 886 646 quasi
922 564 1007 644 nix,
1040 566 1313 651 ¹olamanitque

187 669 343 759 Moyses
366 671 410 739 ad
433 667 631 737 dominum
647 667 798 735 disens:
822 665 1001 751 obsecro,
1023 667 1196 752 domine,
1221 685 1352 743 sanat

187 790 278 839 aaut
302 771 363 838 oui
386 771 597 855 respondit
619 770 813 837 domiuus:
830 771 871 837 si
893 775 1005 853 pater
1026 771 1110 842 eius
1133 772 1313 855 spuisset

143 874 228 940 -oin
244 874 386 945 faeiem
407 874 541 955 illius,
556 891 626 939 nou
650 874 839 940 debuerat
854 875 997 943 saltem
1014 874 1144 940 deeem
1164 875 1313 943 dierum

176 977 328 1044 ..rubore
356 975 566 1048 suffundi?
610 978 818 1057 separetur
853 979 1002 1059 septem
1030 977 1169 1046 diebus
1198 980 1313 1044 extra

177 1080 353 1157 eastra„
370 1083 410 1150 et
430 1079 568 1163 postea
589 1080 856 1145 reserabitur.
886 1078 1044 1145 suffitiant
1066 1081 1162 1165 igitur
1191 1081 1228 1149 de
1253 1081 1313 1147 hoe

177 1201 298 1266 genere
321 1181 484 1251 diuisionis
507 1184 539 1246 et
561 1182 607 1252 tle*
620 1181 679 1246 hae
693 1182 782 1265 parte
805 1183 955 1248 sermonis
977 1183 1038 1250 ista
1060 1202 1138 1265 qnae
1162 1184 1310 1261 diximus3

180 1285 347 1356 infinitum
370 1286 456 1350 enim
479 1287 527 1350 est
550 1286 588 1349 de
610 1284 753 1358 omnibns
774 1285 942 1368 disputare,
967 1303 1045 1368 quae
1068 1286 1161 1351 nimis
1184 1289 1313 1371 longum

139 1392 246 1454 >aest
259 1388 356 1455 etiam
378 1390 444 1454 sine
460 1387 671 1471 disputatione
687 1406 859 1452 numerare.
887 1388 942 1452 sed
956 1388 1057 1453 adhue
1073 1389 1179 1454 tamen
1195 1390 1313 1473 aliquid

187 1492 349 1563 addamus.
441 1540 473 1547 ‚‚

71 1649 80 1655 -
196 1612 304 1678 .x11;
333 1612 478 1678 Paenitet
505 1613 630 1696 gentem
658 1611 872 1676 Hebraeorum
900 1610 938 1675 de
962 1610 1104 1695 Aegypto
1134 1612 1310 1692 recessisse,
1321 1612 1364 1684 at

187 1712 379 1823 perentitur:
402 1717 488 1782 dolet
510 1716 620 1781 deinde
642 1715 698 1779 fat
676 1712 782 1798 tigeri
793 1731 841 1779 se
839 1712 954 1779 labore
956 1713 1110 1801 itineris,
1137 1715 1311 1800 adfligitur:

174 1817 294 1885 earnes
326 1818 499 1898 desiderat,
516 1820 790 1884 uerberatur.e
771 1816 906 1898 etqnia
939 1816 1054 1882 ootidie
1078 1836 1192 1885 manna
1220 1819 1313 1885 edens

144 1923 308 2005 ·1eexplere
330 1922 494 1987 inleoebris
519 1921 604 2004 oepit
591 1920 741 1985 tuentris
755 1920 939 2003 ingluuiem,
963 1921 1069 2004 optata
1085 1920 1209 2003 quidem
1225 1923 1312 2004 eupi-

187 2024 286 2090 ditate
301 2023 471 2103 saturatur,
487 2024 542 2089 sed
557 2024 590 2087 in
606 2024 676 2106 ipsa
690 2024 797 2088 tamen
812 2023 978 2089 saturitate
993 2024 1165 2107 torquetur.
1188 2025 1312 2091 adhue

187 2127 303 2207 enim,
326 2127 827 2211 inquitaoripturaq'esoa‘erat
849 2127 890 2191 in
913 2144 974 2192 ore
997 2128 1169 2208 ipsorum
1192 2129 1313 2194 et'ira

188 2229 249 2305 dei
281 2224 466 2297 aseendit
497 2229 624 2296 ineos
655 2230 692 2295 et
714 2229 862 2295 oeoidit
889 2230 1088 2312 plurimos
1118 2234 1313 2296 eornmet

176 2332 759 2417 {eleotosnsranelimpediris.
800 2331 852 2414 rog
882 2334 990 2399 eontra
1012 2333 1140 2416 Moysen
1168 2331 1363 2412 rebellat‚56

151 2437 396 2523 aextinguitur:
430 2435 506 2501 (iore
541 2434 750 2514 oonuieiatur‚
785 2435 940 2501 obruitur:
957 2435 1101 2501 ³-Dathan
1133 2439 1165 2500 et
1194 2436 1312 2503 Abirou

174 2542 394 2620 murmurant,
410 2540 609 2605 deuorantur.
632 2541 770 2620 aperta
785 2539 854 2611 est,
872 2541 989 2618 enim,
1005 2539 1118 2622 inquit,
1135 2541 1256 2621 terra,
1274 2544 1326 2606 et·
1344 2536 1351 2591 ‘³

176 2642 434 2728 fdegluttiuit
457 2642 614 2708 Dathan
644 2646 681 2707 et
707 2643 868 2724 operuit
890 2643 1129 2727 synagogam
1151 2642 1310 2710 Abiron.

178 2745 328 2810 'desenti-
348 2762 467 2828 quoque
502 2749 532 2811 et
569 2745 813 2829 quinquaginta,
847 2749 883 2812 ot
910 2764 999 2812 saoor
1023 2765 1133 2812 sermo
1166 2749 1309 2826 testator,

185 2847 339 2933 prinsipes
362 2848 438 2928 uiri,
472 2850 525 2931 qui
553 2850 691 2930 tempore
721 2848 844 2914 oonsilii
866 2850 933 2930 per³
950 2850 1077 2916 nomina
1104 2850 1309 2935 uocabantur,

150 2953 387 3017 assurrexerunt
418 2952 527 3017 eontra
548 2953 691 3035 Moysen.
735 2970 899 3033 eumque
930 2953 1143 3019 stetissent
1173 2958 1311 3020 eontra

186 3055 346 3139 Moysen
376 3055 413 3118 et
434 3053 583 3132 Aaron,
613 3054 811 3120 dixerunt:
846 3053 1044 3121 suffioiat
1051 3056 1191 3140 nobis,
1219 3059 1311 3141 quia

187 3160 310 3224 omnis
333 3156 452 3222 multi
458 3158 551 3222 tudo
574 3159 802 3222 sanatorum
829 3160 892 3224 est
916 3158 984 3222 t
916 3177 1015 3223 in
1038 3158 1137 3242 ipsis
1167 3162 1227 3225 est
1251 3162 1311 3227 do-

271 3381 323 3462 re
340 3378 411 3471 nar
431 3379 474 3463 ar,
491 3378 525 3434 eo
539 3436 556 3467 ,Κ
628 3378 752 3469 arnan.
772 3378 829 3444 ιιι,
850 3380 881 3433 ιι
985 3380 1023 3469 ιι
1037 3378 1118 3435 rrum.
1138 3379 1213 3461 raa

236 3583 306 3640 aad
324 3585 461 3646 dominum
479 3583 585 3654 Moyses
601 3585 631 3640 Β
712 3585 745 3651 4
762 3584 884 3645 dominus
903 3582 1045 3661 respondet
1059 3582 1086 3635 Β
1181 3582 1310 3640 turbore

179 3685 235 3727 ,aa
253 3671 334 3729 Bora
346 3676 399 3725 1.,
459 3671 630 3732 iraifloiaut
647 3671 674 3725 Β
692 3670 767 3738 (mdo
779 3687 799 3729 a
806 3675 944 3739 panormo
961 3669 1043 3724 boiae
1059 3668 1124 3746 iibri
1141 3670 1239 3738 eapite
1251 3670 1308 3727 eod.

184 3757 216 3810 Β.
230 3758 328 3814 uariae
344 3760 498 3828 sapam
512 3774 549 3814 aa
566 3757 686 3819 edituos
698 3757 852 3820 flamiam
868 3755 987 3824 rampses
1005 3754 1130 3820 masam
1147 3755 1210 3814 libri
1223 3758 1311 3825 priori

184 3844 280 3913 capita.
298 3843 418 3908 oriatur
435 3843 525 3901 aeaao
543 3858 632 3907 ansam
648 3843 679 3896 too
696 3857 779 3907 'osseam¹
794 3841 921 3907 eontulit)
1028 3841 1059 3903 12
1074 3841 1196 3910 poenitet
1214 3843 1257 3897 Αι
1275 3902 1294 3907 ,.

174 3929 339 3996 bebreoruru
358 3930 391 3989 de.
414 3932 513 3999 egypto
537 3931 565 3985 A
647 3927 702 3990 14
723 3943 848 3993 mannam
873 3926 900 3981 Β
953 3975 954 3981 ,
1001 3927 1038 3993 „19
1058 3926 1192 3996 inpediuit
1214 3927 1241 3981 Β

184 4032 267 4088 flou.
283 4032 389 4088 Contra
409 4034 446 4086 A
471 4012 531 4086 an
550 4035 644 4087 eontra
656 4032 736 4086 Β
770 4030 805 4085 20
823 4030 897 4100 Gora]
917 4030 994 4085 corde
1003 4030 1083 4098 Β(ει
1099 4032 1133 4097 T.)
1218 4031 1309 4086 Datarr

183 4118 217 4172 Β
220 4135 263 4175 ..m
275 4118 393 4173 noio
443 4119 479 4172 22
491 4117 644 4186 deglutibit
662 4117 743 4170 Β
775 4116 899 4185 apperuit
918 4117 999 4170 Β
987 4116 1194 4243 sinagogam
1212 4118 1241 4172 A

184 4203 218 4260 25
235 4206 279 4259 eta
297 4205 355 4270 (aad
368 4207 476 4273 ponet.)
494 4204 586 4258 eontra
604 4203 632 4256 Β
817 4220 819 4226 ·
862 4235 864 4239 -
