3076 4764
513 282 550 335 de
568 281 702 350 gubern.
722 280 774 334 dci
798 281 876 345 1115
897 280 1006 334 12-17.
1278 281 1320 346 47

197 474 261 556 qui
284 491 360 537 non
384 471 533 536 tulerit
555 488 713 534 crucem
736 488 842 533 suam
866 473 903 533 et
925 472 1083 533 secutus
1102 487 1157 532 me
1179 469 1318 550 fuerit,

195 594 270 641 non
298 579 357 640 est
386 592 442 637 me
464 573 614 654 dignus.
659 574 691 636 et
719 573 771 655 qui
800 591 832 636 so
855 571 1067 637 Christianum
1097 571 1189 656 dicit,
1219 573 1319 652 debet,

195 678 458 764 quemadmodum
474 675 617 741 Christus
641 676 825 754 ambulabit,
849 676 894 739 sic
910 675 1020 758 etipse
1043 675 1213 740 ambulare.
1242 694 1320 758 quae
1331 678 1371 744 15

196 802 255 847 uon
279 780 369 846 modo
396 781 483 855 illos,
515 779 568 861 qui
590 780 769 861 uoluptates
792 783 823 843 et
845 796 974 860 pompas
998 778 1114 842 saeculi
1141 785 1318 861 sequuntur,

172 889 248 950 ssod
270 903 307 948 ne
330 884 400 948 illos
418 883 543 964 quidem
561 882 693 963 implore
710 883 831 946 certum
847 883 903 957 est,
927 882 980 963 qui
997 882 1169 947 saeculares
1191 883 1319 948 affectus

195 989 422 1069 derelinquunt.
446 1003 520 1050 nam
544 985 651 1067 etqui
674 985 853 1050 renuntiare
877 984 996 1051 diuitiis
1024 985 1169 1050 uidentur
1190 1005 1251 1051 nou
1274 988 1320 1052 sic

193 1091 385 1173 renuntiant,
407 1091 444 1154 ut
465 1089 590 1171 penitus
612 1089 808 1153 renuntiasse
830 1089 1014 1166 uideantur,
1038 1093 1069 1153 et
1092 1088 1146 1171 qui
1167 1092 1320 1172 putantur

193 1211 315 1258 amcam
336 1194 460 1275 portare
484 1191 528 1256 sio
549 1192 684 1276 portant,
708 1194 836 1274 utplus
859 1191 994 1257 habeant
1016 1195 1049 1257 in
1075 1193 1172 1257 crucis
1196 1195 1320 1260 nomine

193 1296 355 1379 dignitatis
385 1313 480 1377 quam
508 1296 539 1358 in
567 1294 709 1376 passione
737 1294 890 1376 supplicii.
936 1299 968 1359 ot
996 1314 1102 1360 omnes
1132 1298 1234 1361 tamen
1265 1298 1319 1363 isti

159 1428 184 1465 ιο
192 1398 313 1464 etiamsi
328 1398 445 1480 aliquid
459 1398 569 1461 horum
585 1396 739 1463 bonafide
755 1397 971 1479 adimplerent,
995 1398 1074 1463 illud
1090 1399 1204 1482 absque
1226 1400 1319 1466 dubio

193 1504 299 1567 nullus
323 1501 475 1578 efficeret,
508 1502 544 1564 ut
572 1518 627 1582 per
650 1500 735 1564 uiam
764 1500 847 1564 uitae
870 1501 960 1564 istius
989 1500 1034 1564 sio
1059 1503 1216 1568 incederet
1238 1507 1319 1570 sicut

191 1607 328 1671 saluator
349 1603 488 1669 incessit.
523 1603 590 1685 qui
618 1621 656 1666 se
684 1603 802 1679 enim,
832 1602 933 1685 inquit
958 1604 1130 1688 apostolus,
1160 1607 1258 1671 dicit
1280 1608 1318 1672 in

192 1707 349 1773 Christo
383 1724 563 1786 manere,
597 1705 739 1784 debet,
773 1707 1098 1786 quemadmodum
1134 1706 1317 1774 Christus

190 1812 430 1894 ambulauit,
454 1811 510 1874 sio
533 1814 570 1874 et
593 1812 678 1892 ipse
701 1809 915 1875 ambolare.

156 1945 181 1986 15
235 1915 310 1980 llll.
334 1915 395 1979 Sed
414 1915 491 1978 dura
507 1913 638 1978 forsitan
655 1914 782 1996 quidam
797 1915 909 1996 putant
924 1917 1133 1995 apostolorum
1149 1936 1215 1982 osse
1229 1936 1317 2000 prae·
1330 1915 1369 1979 16

191 2019 291 2099 cepta.
317 2017 395 2081 dura
417 2017 508 2098 plane
532 2016 739 2082 existimanda
761 2021 844 2094 sunt,
869 2017 895 2081 si
916 2018 987 2098 plus
1002 2017 1042 2083 ab
1058 2017 1129 2082 aliis
1145 2019 1318 2085 officiorum

191 2121 317 2204 exigunt
333 2139 427 2201 quam
444 2120 505 2184 sibi
522 2123 660 2185 sumunt.
685 2137 776 2201 porro
794 2121 909 2203 autern,
932 2122 959 2185 si
974 2121 1074 2185 multo
1090 2124 1192 2186 minus
1208 2125 1318 2188 ceteris

189 2225 383 2306 imperarunt
414 2242 508 2304 quam
538 2223 615 2300 sibi,
650 2239 711 2286 non
741 2223 831 2287 modo
862 2242 921 2287 non
949 2241 1060 2304 graues
1089 2226 1233 2307 magistri
1263 2225 1318 2290 sed

190 2327 334 2409 parentes
356 2325 625 2407 indulgentissimi
648 2325 810 2389 iudicandi
832 2330 923 2402 sunt,
948 2327 1001 2407 qui
1024 2345 1125 2405 onera,
1150 2347 1228 2409 quae
1251 2347 1316 2394 oer-

155 2428 313 2498 aouioibus
335 2428 472 2493 filiorum
495 2447 550 2511 per
579 2427 693 2492 amoris
716 2428 946 2511 indulgentiam
970 2429 1151 2511 detrahunt,
1182 2432 1242 2497 sibi
1264 2453 1318 2516 per

190 2533 335 2597 affectum
370 2531 530 2613 religionis
560 2530 734 2615 imponunt.
780 2533 854 2613 quid
884 2534 967 2598 enim
996 2552 1076 2598 uuus
1106 2554 1142 2598 ex
1171 2536 1246 2619 ipsis
1278 2538 1317 2603 ad

189 2637 318 2718 populos
353 2634 580 2700 ecclesiasticos
616 2635 713 2700 dicit?
757 2636 906 2712 filioli,
942 2636 1060 2719 inquit,
1096 2640 1189 2717 mei,
1224 2659 1317 2723 quos

190 2738 335 2803 iterum
358 2739 553 2820 parturio,
576 2738 700 2804 donec
721 2740 918 2805 formetur
934 2740 1118 2807 Christus
1140 2742 1178 2807 in
1194 2744 1315 2810 uobis.

189 2841 222 2904 et
236 2861 376 2905 rursum:
398 2843 643 2921 imitatores,
668 2843 780 2924 inquit,
797 2844 872 2908 mei
895 2843 1036 2929 estote,
1060 2847 1163 2911 sicut
1186 2852 1223 2912 et
1248 2867 1316 2934 ego

154 2943 351 3010 asChristi.
396 2947 484 3011 nohis
512 2946 571 3010 hoo
599 2945 749 3029 imperat,
780 2949 816 3010 ut
839 2964 872 3030 se
893 2946 1069 3027 imitamur,
1099 2950 1152 3031 qni
1174 2950 1236 3015 sibi
1260 2952 1316 3018 hoc
1327 2952 1366 3017 17

188 3048 413 3129 imperauerat,
437 3053 472 3113 ut
496 3047 612 3113 Christi
635 3052 716 3113 esset
737 3048 888 3115 imitator.
927 3051 1121 3134 etquidem,
1146 3054 1227 3135 quod
1250 3056 1315 3139 ipso

188 3149 350 3216 Christum
379 3152 523 3218 imitatus
555 3151 611 3230 sit,
641 3152 721 3216 nulli
749 3151 880 3217 dubium
904 3155 961 3219 est.
1008 3154 1150 3221 Christus
1179 3159 1316 3224 enimse

188 3273 243 3336 pro
267 3255 356 3319 nobis
379 3255 519 3320 subdidit
550 3256 684 3332 mundo,
714 3258 745 3319 et
773 3275 806 3319 se
837 3255 903 3339 ipse
931 3275 985 3340 pro
1009 3258 1147 3325 Christo:
1173 3259 1314 3327 Christus

189 3376 244 3440 pro
267 3357 355 3423 nobis
379 3357 481 3423 taedia
504 3359 535 3423 at
558 3359 678 3423 labores
705 3359 904 3440 grauissimos
934 3362 1079 3445 pertulit,
1109 3366 1140 3427 et
1169 3365 1226 3428 hoo
1248 3364 1314 3447 ipse

291 3492 323 3545 12
341 3491 355 3545 Ι
373 3492 432 3546 Ioh.
450 3492 474 3556 2,
493 3493 509 3546 6
612 3493 647 3546 22
665 3490 725 3546 Gal.
744 3493 768 3559 4,
789 3494 820 3546 19
924 3494 958 3548 24
975 3495 989 3548 Ι
1008 3495 1067 3550 Cor.
1088 3497 1128 3561 11,
1149 3498 1162 3552 l

238 3611 339 3665 2dicit
357 3613 383 3664 A
400 3630 435 3667 m.
454 3629 506 3666 rec.
524 3628 545 3667 a.
565 3613 582 3667 l.
686 3613 703 3664 4
727 3616 855 3680 sequntur
875 3615 936 3680 (sic)
960 3614 988 3668 A
1090 3617 1269 3673 5saecularis
1286 3622 1314 3675 A

187 3713 220 3750 m.
233 3703 249 3751 1
266 3698 293 3750 B
389 3699 499 3752 affectus
510 3700 621 3768 scrobem
639 3697 675 3764 cf.
688 3699 720 3752 ia
732 3698 883 3755 Sita-Ber.
895 3717 922 3768 p.
935 3703 974 3754 24
983 3717 1036 3771 eq:
1054 3707 1160 3758 amotus
1172 3723 1192 3760 a.
1206 3709 1250 3761 tus
1263 3724 1312 3762 aar.

185 3799 220 3837 m.
243 3799 295 3838 rec.
319 3800 360 3836 res
382 3785 410 3837 A
439 3785 537 3839 amoris
561 3787 602 3838 ius
626 3785 669 3853 133
701 3786 774 3850 ‘fort
797 3780 878 3838 actos'
898 3787 1044 3857 Holmim3
1079 3793 1169 3845 motus
1191 3794 1236 3848 ael
1259 3795 1313 3849 iarn

186 3871 275 3922 motus
293 3871 451 3938 auspicatur
468 3871 615 3925 Hortelioe
719 3870 896 3940 ‘lportautur
915 3877 941 3925 ct
958 3874 985 3927 A
1003 3880 1028 3928 et
1046 3876 1073 3928 B
1091 3879 1220 3932 m.13ed
1237 3881 1269 3933 ta
1286 3881 1313 3934 A

185 3969 206 4008 o.
224 3969 276 4009 sor.
299 3972 333 4008 m.
351 3972 404 4011 rec.
428 3958 554 4018 utantur,
582 3957 738 4010 dictamen
760 3961 792 4010 ut
814 3957 866 4010 oia
889 3959 944 4027 legi
957 3962 1044 4026 possit
1148 3964 1180 4017 15
1204 3965 1313 4032 quidam

185 4040 298 4095 forsitan
315 4042 343 4096 B
439 4041 471 4095 18
489 4042 648 4110 inperarunt
667 4042 694 4096 B
793 4044 825 4096 19
844 4044 991 4098 ceruicibus
1009 4063 1043 4100 ecc
1060 4048 1181 4102 cornibus
1198 4050 1226 4103 A
1244 4067 1312 4105 corr.

184 4143 220 4180 m.
238 4132 261 4192 1,
279 4133 312 4181 at
329 4127 442 4181 uidetur
544 4127 577 4180 29
601 4128 713 4196 pertulit
731 4130 758 4181 et
776 4129 833 4197 ipse
850 4144 898 4197 pro
916 4130 993 4184 nobis
1012 4133 1126 4200 pertulit
1145 4138 1172 4189 et
1190 4136 1246 4204 ipsc
1264 4153 1312 4206 pro

186 4211 292 4267 Christo
313 4214 341 4268 B
