3076 4764
616 288 619 296 ’
684 272 842 325 Selnieni

605 547 834 630 aristone
866 547 926 629 Vl.

335 753 513 818 Limenio
536 752 749 817 Saluianus
771 753 811 816 in
833 754 987 818 domiuo
1009 753 1193 817 salntem.

244 873 311 937 Etsi
334 871 397 936 scio
419 872 564 936 honestas
586 875 707 939 mentes
735 875 824 954 probi
849 875 978 939 affectus
1006 893 1066 938 non
1095 874 1238 938 obliuisci
1261 875 1328 939 ideo

203 979 275 1059 quia
303 975 377 1041 boni
397 977 431 1040 in
453 977 539 1041 bonis
570 975 685 1040 studiis
708 978 796 1058 quasi
818 979 963 1041 naturam
991 978 1217 1058 quodammodo
1239 996 1328 1041 suem

205 1080 351 1164 diligunt,
373 1083 479 1143 tamen
495 1078 577 1163 quia,
597 1084 749 1161 qnantum
765 1081 798 1144 in
814 1080 902 1144 nobis
918 1079 975 1157 est,
992 1098 1104 1162 augere
1120 1098 1175 1144 nos
1191 1097 1328 1144 amorem
1351 1100 1364 1140 s

203 1183 355 1248 bonorum
386 1183 555 1247 amicorum
584 1182 685 1247 officio
713 1186 819 1247 nostro
848 1181 1005 1259 conuenit,
1037 1182 1266 1247 admonendum
1296 1184 1329 1246 te

204 1285 343 1351 caritatis
368 1285 443 1349 olim
467 1304 485 1350 a
507 1304 557 1348 me
580 1288 716 1365 coeptae,
739 1305 836 1368 nuper
857 1305 876 1349 a
897 1286 929 1348 te
951 1289 1059 1350 auctae
1083 1285 1269 1362 existimaui,
1293 1287 1328 1350 nt

202 1387 309 1470 legens
331 1387 479 1469 epistolas
502 1406 595 1465 meas,
620 1387 693 1451 dum
716 1388 748 1452 in
772 1408 822 1451 me
838 1387 979 1452 studium
1002 1390 1050 1452 tui
1066 1388 1180 1452 amoris
1195 1390 1326 1465 uideres,

202 1490 235 1554 in
258 1494 289 1554 te
311 1489 374 1553 mei
393 1489 585 1554 accenderes
622 1491 710 1557 dabit
732 1495 847 1568 autem,
872 1510 934 1555 non
957 1491 1093 1574 ambigo,
1116 1495 1190 1555 deus
1213 1495 1326 1567 noster,

203 1594 239 1656 ut
262 1593 407 1657 affectum
423 1591 673 1658 Christianorum
695 1596 728 1657 in
750 1595 782 1658 te
804 1594 955 1676 recipiens
971 1593 1089 1659 Christi
1110 1595 1177 1676 ipse
1199 1594 1327 1658 affectus
1336 1619 1362 1658 ιο

202 1695 270 1761 fias.
302 1696 372 1759 nale
395 1696 427 1759 in
452 1696 585 1760 domiuo.

595 1985 824 2068 aristote
854 1987 932 2068 VH.

173 2199 189 2261 1
495 2189 596 2270 Apro
624 2194 661 2252 et
684 2189 780 2253 Vero
808 2189 1030 2255 Saluianus.

244 2307 349 2373 Officii
373 2308 416 2373 sit
439 2328 479 2374 an
501 2310 702 2393 inpudentiae
724 2310 805 2391 quod
828 2311 913 2391 prius
936 2311 975 2374 ad
999 2326 1053 2373 uos
1082 2307 1202 2390 scripsi,
1231 2326 1325 2389 quam

200 2428 218 2475 a
241 2412 328 2476 uobis
351 2411 400 2476 ius
421 2411 578 2476 scribendi
601 2412 779 2495 acciperem,
803 2414 885 2478 malo
907 2414 1005 2476 uestri
1020 2430 1085 2475 esse
1106 2410 1215 2475 iudicii
1231 2428 1324 2492 quam
1334 2438 1360 2477 15

200 2513 382 2579 adsertionis
404 2533 500 2593 meae,
525 2517 663 2596 quiores
687 2516 780 2581 dubia
796 2535 832 2581 ac
851 2517 950 2580 latens
965 2514 1079 2579 melius
1097 2532 1218 2596 semper
1233 2514 1323 2578 bonis

199 2617 490 2700 interpretatoribus
513 2635 607 2698 quam
631 2619 722 2682 malis
752 2618 964 2683 defensoribus
988 2618 1134 2682 creditur.
1170 2618 1224 2680 sed
1247 2616 1322 2679 licet

200 2719 276 2783 haec
304 2739 376 2783 uere
399 2738 431 2784 se
454 2722 500 2783 ite
528 2720 664 2786 habeant
687 2726 718 2784 et
740 2739 759 2784 a
781 2739 831 2785 me
853 2721 900 2785 ita
927 2738 992 2785 esse
1022 2719 1184 2796 ducantur,
1217 2720 1325 2783 tamen

199 2823 237 2899 si,
259 2822 333 2904 qnid
355 2823 389 2886 in
412 2822 478 2887 ueri
507 2825 646 2904 opinione
676 2824 845 2888 secundum
873 2823 1124 2905 intellegentiam
1146 2839 1250 2885 meam
1271 2822 1323 2898 sit,

200 2926 387 3015 audiendum
410 2943 428 2989 e
449 2944 500 2990 me
522 2929 653 3007 putetis,
677 2945 732 3009 ego
756 2930 799 2992 sic
822 2929 963 3001 arbitror,
987 2928 1014 2990 si
1030 2925 1152 3008 qnando
1168 2927 1206 2988 de
1222 2925 1359 2990 officioso

200 3027 365 3094 deferendo
393 3030 508 3109 paruis,
538 3034 573 3095 nt
595 3049 651 3113 ego
673 3050 753 3108 sum,
785 3033 865 3112 apud
888 3029 1070 3112 superiores,
1099 3035 1136 3093 ut
1158 3046 1214 3093 uos
1237 3028 1323 3104 estis,

200 3135 307 3195 sancta
329 3133 485 3197 contentio
501 3137 557 3209 est,
581 3133 695 3197 melius
711 3151 762 3198 eos
784 3133 893 3216 facere,
918 3134 944 3195 si
967 3133 1193 3214 praeoccupent
1207 3132 1323 3212 scripto

170 3237 346 3318 2patronos
369 3255 449 3314 suos,
473 3256 565 3318 quem
588 3241 614 3302 si
630 3239 669 3301 ab
691 3237 741 3300 his
764 3240 1036 3319 praeoccupentur.
1067 3255 1140 3301 nam
1163 3234 1324 3316 cumipse

200 3341 356 3404 scribendi
392 3341 642 3421 rescribendique
680 3339 852 3406 adsiduitas
890 3339 998 3405 dandis
1035 3338 1086 3402 uel
1123 3340 1255 3403 maxime
1292 3338 1325 3400 et

200 3444 364 3509 reddendis
392 3445 543 3526 obsequiis
573 3444 739 3522 deferetur,
769 3445 869 3508 multo
893 3460 1019 3507 necesse
1042 3443 1089 3506 est
1110 3437 1259 3505 humilius
1282 3439 1358 3504 sites

201 3546 233 3610 et
260 3547 478 3629 obsequentius
512 3547 584 3610 dare
618 3546 796 3628 quempiam
827 3564 968 3627 operam,
1002 3547 1039 3608 ut
1067 3543 1204 3609 officium
1237 3542 1324 3625 prins

199 3649 327 3728 deferat,
357 3667 451 3730 quam
480 3651 641 3731 expectare
665 3652 701 3713 ut
723 3649 809 3730 prius
832 3649 943 3730 capiat,
967 3649 1040 3730 qnia
1062 3647 1149 3712 insta
1170 3646 1213 3723 id,
1242 3645 1323 3726 quod

251 3937 267 3988 1
295 3935 319 3988 V
344 3936 376 3988 io
400 3952 450 4007 mq.
479 3937 502 3991 0
607 3938 625 3991 8
651 3935 754 3988 uideres
780 3935 925 3989 Holmbes:
954 3933 1048 3987 uidens
1074 3933 1098 3988 0
1130 3933 1206 3986 uides
1232 3933 1323 4000 suspi-

199 4026 280 4075 catur
296 4020 442 4077 Hartelc'as
546 4024 576 4076 11
589 4023 716 4076 domino.
739 4021 810 4074 finit.
833 4020 898 4074 item
916 4020 1016 4076 alieO
1117 4019 1150 4072 14
1168 4018 1264 4073 officiis
1283 4019 1324 4072 ita

199 4105 223 4160 O
247 4111 317 4160 eal
421 4108 454 4162 15
480 4108 561 4162 mello
591 4108 614 4163 0
714 4106 748 4160 22
775 4107 887 4174 scriptos
913 4105 967 4161 sed.
994 4123 1007 4158 s
1033 4106 1082 4172 fio.
1104 4110 1203 4173 punct.
1234 4104 1258 4159 0

199 4191 232 4245 23
249 4192 307 4260 ipsa
324 4193 371 4247 sed
387 4210 403 4246 a
420 4194 452 4247 c'o
467 4210 522 4249 ras.
542 4193 662 4248 duorum
679 4194 733 4248 tlte.
752 4191 775 4247 0
876 4193 910 4246 26
928 4195 959 4244 ut
977 4191 1000 4246 0
1015 4207 1049 4245 m.
1067 4193 1087 4245 2
1104 4188 1170 4243 add.
