3076 4764
542 270 581 324 ad
599 272 776 326 ecclesiam
797 272 842 327 III
861 277 876 338 §
895 274 1004 328 51-57.
1275 279 1337 345 287

210 480 284 525 non
307 462 366 526 est
388 460 505 539 enim,
535 461 637 544 iuquit
660 463 699 526 ad
723 463 814 528 doum
838 465 959 544 patrem
983 482 1083 529 sermo
1106 464 1240 543 diuinus,
1264 483 1338 529 non

209 565 270 629 est
292 563 330 628 in
353 565 478 629 morte
507 565 573 647 qui
604 583 745 630 memor
773 566 827 630 sit
851 567 926 630 tui:
959 566 999 631 in
1021 565 1181 632 inferno
1203 570 1339 633 autem

209 668 296 750 quis
332 667 594 732 confitebitur
631 668 733 734 tibi?
785 669 907 734 excludi
940 669 1064 752 penitus
1098 689 1116 734 a
1150 670 1390 738 confessione55

208 770 330 852 peccati
352 772 545 853 peccatorem
569 775 728 837 mortuum
751 774 945 853 protestatur
968 791 1023 838 nec
1041 791 1131 856 posse
1146 791 1210 838 esse
1226 793 1337 856 quem-

187 891 303 956 5quam
325 877 432 957 postea
453 874 503 939 dei
524 891 704 952 memorem,
728 875 781 956 qui
804 875 836 938 in
859 874 917 940 hac
940 876 1009 940 uite
1027 876 1076 940 sui
1099 874 1194 940 luerit
1209 876 1337 942 oblitus.

208 979 283 1042 adeo
311 977 410 1040 omnis
434 977 463 1042 ei
485 995 553 1059 spes
584 977 710 1059 penitus
739 976 914 1042 absciditur
937 981 968 1043 et
992 979 1091 1044 omnis
1120 980 1205 1044 nitas
1234 980 1338 1044 aditus

209 1080 378 1162 obseratur,
407 1081 453 1158 nt,
484 1100 555 1145 curn
586 1099 648 1144 una
676 1082 718 1146 sit
746 1097 796 1145 reo
825 1083 935 1146 salutis
963 1085 1014 1147 uia
1041 1100 1146 1165 preces
1176 1083 1215 1147 ad
1244 1082 1337 1146 deum

209 1183 337 1249 fundere
360 1183 391 1247 et
413 1183 578 1248 caelestem
601 1184 848 1251 misericordiam
869 1186 1099 1251 incessabiliter
1121 1204 1217 1264 orare,
1241 1185 1337 1250 etiam

208 1288 268 1353 hac
288 1292 432 1371 peccator
453 1287 596 1353 letiferae
619 1287 784 1354 obliuionis
808 1289 1078 1355 animaduersione
1102 1290 1277 1368 damnetur,
1301 1291 1337 1354 ut

173 1418 199 1457 10
208 1393 237 1456 ei
260 1408 317 1456 nec
340 1391 489 1455 memoria
511 1390 637 1473 quidem
657 1392 716 1471 dei,
740 1410 833 1474 aquo
849 1410 971 1475 sperare
987 1393 1108 1477 debeat,
1132 1393 1336 1476 relinquatur.

208 1493 285 1559 haec
308 1511 379 1576 ergo
403 1494 540 1575 cogitent
563 1495 626 1578 qui,
646 1496 724 1561 dum
738 1494 819 1561 filios
841 1496 956 1561 habere
980 1508 1051 1578 post
1070 1498 1204 1562 mortem
1220 1497 1336 1561 diuites
1347 1495 1389 1562 56

208 1599 348 1681 cupiunt,
380 1598 557 1664 futurorum
588 1599 811 1681 suppliciorum
840 1617 898 1664 nso
919 1600 952 1664 in
976 1604 1078 1665 morte
1108 1600 1336 1666 meminerunt:

207 1700 284 1768 haec
312 1700 451 1784 cogitent
479 1702 542 1783 qui,
576 1704 612 1767 ut
642 1702 675 1766 in
706 1702 764 1768 hac
793 1702 908 1768 caduce
934 1703 967 1767 et
988 1705 1076 1769 breui
1108 1706 1176 1769 nita
1208 1705 1337 1769 heredes

209 1806 323 1871 diuites
352 1804 498 1883 habeant,
529 1808 655 1870 aeterna
678 1824 711 1870 se
733 1807 816 1890 ipsos
839 1809 940 1871 morte
964 1808 1182 1872 condemnant.
1221 1808 1337 1890 inquo

174 1909 333 1993 mquidem
355 1925 415 1972 uon
437 1909 504 1973 tam
526 1909 597 1974 illos
621 1914 728 1975 amant
751 1928 844 1993 qnam
866 1929 898 1975 se
921 1915 1062 1989 oderunt,
1091 1911 1164 1994 qnia
1187 1930 1248 1976 non
1271 1916 1338 1976 tam

208 2012 341 2077 salubris
374 2029 460 2076 amor
490 2014 549 2088 est,
583 2015 637 2095 qui
670 2013 760 2078 breui
791 2015 935 2090 consulit,
972 2032 1064 2096 quam
1093 2033 1188 2097 graue
1219 2017 1336 2095 odium,

210 2115 291 2196 quod
312 2115 345 2178 in
368 2115 552 2180 aeternitate
573 2114 738 2180 cruciabit.
770 2117 801 2180 et
819 2116 889 2181 ideo
905 2116 981 2181 deus
998 2119 1111 2194 noster,
1135 2118 1218 2181 utin
1234 2119 1337 2199 primo

209 2218 329 2283 dudum
349 2217 458 2283 libello
481 2217 626 2294 diximus,
649 2218 848 2301 disciplinam
862 2221 1007 2300 parentes
1024 2220 1231 2284 thesaurizare
1247 2220 1338 2284 iubet

210 2320 284 2387 filiis
307 2340 370 2386 non
392 2322 564 2404 pecuniam,
595 2323 742 2404 perennia
765 2323 917 2405 praecipit
940 2340 1001 2387 non
1024 2322 1163 2406 peritura
1186 2323 1335 2388 conferre.

176 2423 330 2490 concilicet
354 2427 427 2508 quia
450 2445 497 2490 res
520 2425 696 2490 istiusmodi
715 2426 809 2507 atque
824 2444 900 2508 opus
917 2430 1063 2490 sanctum
1082 2429 1113 2490 et
1130 2425 1203 2488 filiis
1219 2426 1338 2507 pariter

211 2529 243 2592 et
257 2528 438 2610 parentibus
454 2529 595 2611 prosunt,
618 2528 693 2592 filiis
711 2532 818 2611 ntique
833 2549 888 2612 per
903 2528 1087 2611 disciplinae
1103 2528 1337 2593 institutionem

210 2634 390 2712 parentibus
423 2653 477 2715 por
510 2632 739 2697 munificentiae
772 2632 963 2715 largitatem.
1001 2635 1032 2696 et
1061 2631 1135 2695 filiis
1166 2631 1250 2696 enim
1277 2631 1337 2697 hoc

211 2735 379 2820 disciplina
393 2736 541 2818 praestat,
557 2739 593 2799 ut
608 2736 743 2800 salutem
759 2735 884 2817 capiant
898 2736 1091 2816 perpetuam,
1111 2734 1142 2798 et
1156 2733 1337 2816 parentibus

210 2839 352 2922 largitas,
375 2842 411 2902 ut
434 2839 566 2902 mortem
589 2837 740 2919 effugiant
761 2837 992 2919 sempiternam.

175 2983 201 3026 11
253 2960 343 3024 ΧΙΙΙ.
375 2959 435 3025 Sed
458 2961 507 3024 cui
529 2960 604 3025 haec
631 2959 766 3024 dicimus
789 2960 844 3023 aut
866 2978 921 3023 cur
944 2959 1102 3023 dicimus?
1135 2958 1190 3022 nbi
1212 2959 1387 3041 apertas57

210 3082 299 3130 eures
322 3064 377 3127 aut
399 3064 542 3128 uidentes
565 3066 668 3128 oculos
692 3063 832 3128 inuenire
855 3062 1053 3144 poterimus?
1076 3080 1203 3127 omnes
1226 3064 1336 3141 enim,

210 3168 246 3231 ut
268 3168 306 3232 de
336 3166 431 3248 inpiis
460 3167 604 3251 legimus,
638 3186 761 3249 paene
785 3184 916 3231 omnes
940 3166 1262 3247 declinauerunt,
1286 3167 1337 3230 si-

209 3271 289 3334 mul
310 3268 482 3334 inutiles
504 3270 605 3335 facti
627 3274 736 3346 sunt3
767 3287 841 3333 non
864 3273 923 3334 est
946 3270 1011 3352 qni
1033 3269 1158 3334 faciat
1179 3271 1336 3351 bonum,

209 3391 281 3439 non
314 3377 373 3438 est
406 3392 527 3456 paene
560 3393 681 3456 usque
715 3376 757 3437 ad
791 3391 916 3438 unum.
954 3391 1035 3437 nona
1064 3373 1176 3454 qnippe
1199 3370 1337 3435 amentia

174 3477 276 3541 rotam
299 3477 470 3542 saeculares
494 3495 587 3560 quam
610 3477 707 3541 etiam
732 3476 882 3559 quosdam
904 3476 1090 3556 religionem
1111 3472 1264 3557 professos
1286 3472 1336 3537 in-

210 3582 303 3646 cessit
330 3581 480 3646 homines
519 3582 681 3663 siquidem,
712 3580 748 3643 ut
769 3581 887 3646 dudum
915 3579 1018 3650 dicere
1041 3595 1248 3659 coeperamus,
1271 3575 1335 3640 iam

313 3770 326 3823 1
346 3768 418 3823 usar.
436 3769 460 3835 c,
480 3769 496 3822 o
600 3769 632 3821 17
651 3766 698 3820 nu.
716 3766 731 3820 1
749 3766 782 3820 21
885 3765 918 3818 ac
937 3764 1007 3818 esar.
1028 3763 1068 3830 13,
1086 3763 1102 3817 3

261 3940 277 3992 1
301 3939 372 3992 enim
396 3954 465 3993 cros.
489 3937 537 3992 sed
559 3938 601 3992 lta
623 3944 655 3992 rot
678 3939 733 4008 topi
746 3939 836 4006 possit
852 3938 880 3991 A
983 3937 999 3990 6
1023 3934 1189 3989 abscinditur
1213 3936 1254 3990 ed.
1276 3934 1336 3988 Bo-

209 4025 301 4080 lmeims
387 4024 566 4078 9domnstur
584 4023 647 4089 AB,
666 4024 713 4077 ‘om
726 4020 990 4078 amocotmtbomcet?
1009 4022 1139 4075 Halmius
1227 4021 1258 4075 15
1273 4026 1335 4088 post

207 4111 289 4178 prims
311 4113 408 4178 tamp
431 4115 456 4163 et
479 4109 540 4164 edd.
567 4115 632 4164 amic
654 4110 812 4164 Halmium:
839 4107 979 4161 heredibus
1006 4108 1148 4161 consulunt
1176 4122 1254 4175 qnam
1283 4104 1335 4158 sibi

209 4196 308 4251 obsunt
325 4211 378 4249 non
396 4198 453 4249 tam
474 4253 476 4259 ,
558 4195 592 4248 23
609 4196 700 4265 cupiat
718 4196 745 4249 B
