3076 4764
223 282 286 348 288
708 277 867 332 Saluiani

222 488 283 533 non
299 469 423 533 tantum
440 467 516 533 filiis
530 468 585 533 aut
600 469 774 550 nepotibus,
793 469 874 550 quod
890 468 928 533 ob
944 470 1073 533 naturae
1088 469 1349 534 necessitudinem

222 574 297 638 ferri
323 576 438 657 potest,
468 573 523 637 sed
551 573 647 637 etiam
671 572 797 656 agnatis
820 574 853 637 et
875 572 1028 656 eognatis,
1058 591 1157 654 neque
1179 573 1291 650 solum,
1314 573 1351 636 ut

221 677 321 754 aiunt,
345 695 381 739 ex
403 676 524 741 direeto
545 675 600 740 sed
622 676 720 740 etiam
735 692 772 739 ex
788 675 912 757 obliquo
935 679 967 740 et
986 694 1023 739 ex
1046 679 1231 754 transuerso,
1253 677 1354 743 immo

221 781 326 862 potius
348 799 384 843 ex
407 798 516 844 auerso
544 795 753 862 peruersoque
779 778 981 844 uenientibus
1010 797 1060 842 ree
1082 781 1225 861 propriae
1248 777 1354 844 ieoni-

169 881 306 965 ossen,
330 882 363 946 id
387 886 434 946 est
456 885 592 965 pretium
614 899 688 946 suae
710 881 936 964 redemptionis
959 882 1118 949 addiount.
1140 900 1197 947 nee
1219 882 1354 949 interest
1373 903 1387 944 e

221 1004 317 1068 paene
349 987 412 1050 iam
443 985 525 1068 apud
561 985 700 1050 homines
733 984 847 1067 quibus
880 987 1055 1064 eonsulaut,
1091 988 1256 1051 dummodo
1291 984 1353 1050 sibi

222 1087 347 1152 omnino
370 1107 431 1154 non
454 1090 625 1155 consulant.
663 1089 767 1172 siqui
790 1090 1032 1170 summissis,
1056 1093 1094 1156 de
1117 1091 1232 1173 quibus
1252 1089 1353 1172 loqui-

273 1361 290 1413 2
312 1360 377 1414 ferri
395 1361 517 1415 extorre
535 1377 603 1416 corr.
621 1379 655 1419 m.
674 1363 738 1417 213
843 1363 952 1433 agnetis
969 1379 991 1419 s.
1009 1364 1027 1420 l.
1046 1381 1081 1418 m.
1099 1368 1115 1418 1
1133 1363 1160 1417 A
1262 1361 1281 1416 4
1304 1361 1352 1416 ad·

222 1463 299 1502 uerso
318 1464 461 1503 errauerso
480 1465 600 1503 eorem.
619 1447 697 1502 213⁴
789 1449 957 1518 5praetium
976 1449 1003 1501 A
1103 1455 1169 1519 post
1185 1448 1353 1518 addicuntp

223 1539 248 1588 et
265 1532 325 1588 eoo.
344 1539 411 1589 arete
428 1534 587 1589 Halmium.-
606 1535 677 1588 siout
695 1535 827 1604 seriptum
844 1536 898 1588 est:
916 1550 969 1588 non
982 1534 1057 1589 dedit
1070 1533 1119 1587 deo
1132 1534 1353 1604 propitiationem

222 1634 298 1673 suam
317 1624 345 1673 et
361 1621 478 1689 pretinm
496 1621 686 1691 redemptionis
704 1622 809 1676 animae
827 1637 897 1675 snae.
916 1622 1036 1690 etpaulo
1048 1623 1123 1689 pest:
1142 1621 1230 1684 simul,
1250 1620 1352 1690 inquit,

222 1706 353 1775 insipiens
375 1708 403 1760 et
425 1706 529 1760 stultus
553 1707 685 1774 peribunt,
709 1711 737 1762 et
762 1708 914 1776 relinquent
932 1708 1027 1762 alienis
1046 1707 1160 1761 diuitias
1178 1723 1248 1772 suas,
1265 1709 1292 1759 et
1311 1721 1354 1760 se·

222 1791 334 1860 pulchra
359 1807 450 1846 eorum
477 1793 571 1847 domus
598 1809 687 1847 eorum
713 1795 742 1846 in
768 1797 915 1847 aeternum.
946 1793 1012 1863 quid
1039 1794 1110 1847 inter
1133 1794 1253 1849 stultum
1268 1793 1306 1845 sit
1324 1796 1353 1846 et

222 1877 403 1946 insipientem,
422 1894 475 1930 non
493 1883 535 1931 est
553 1894 622 1932 nuno
641 1877 788 1932 disserendi
806 1879 893 1935 loeus:
905 1895 959 1934 ¹neo
975 1895 1038 1934 sane
1056 1881 1178 1946 interest,
1197 1895 1262 1949 quae
1279 1879 1352 1932 inter

223 1979 266 2016 eos
292 1962 451 2016 meritorum
478 1964 515 2016 eit
542 1962 702 2029 differentia,
731 1979 844 2032 quorum
872 1965 988 2019 estune
1011 1965 1134 2033 perditio.
1165 1968 1235 2035 quod
1257 1980 1352 2018 causae

154 2109 155 2112 Ἴ
222 2051 315 2118 itaque
332 2049 439 2116 suffieit,
458 2065 518 2103 eum
535 2048 645 2103 dixisset
663 2050 744 2103 simul
762 2050 933 2119 insipientem
952 2053 979 2104 et
997 2051 1114 2105 stultum
1136 2067 1191 2105 esse
1208 2051 1352 2120 perituros,

222 2136 361 2189 uideamus
388 2136 452 2207 quid
479 2136 522 2189 uel
549 2136 584 2189 ad
610 2151 717 2190 eausam
742 2137 785 2191 uel
803 2138 837 2190 ad
862 2137 1000 2191 eumrlum
1026 2137 1190 2206 perditionis
1213 2135 1352 2192 adiecerit

223 2223 385 2291 relinquent,
403 2222 505 2291 inquit,
523 2222 618 2276 alienis
637 2221 749 2276 diuitiae
768 2239 839 2278 snat.
867 2240 963 2278 uerum
976 2226 1030 2278 est:
1047 2225 1113 2293 quid
1131 2225 1203 2278 enim
1220 2225 1277 2278 siue
1294 2226 1355 2278 tam

223 2308 347 2374 stultum,
372 2309 429 2362 siue
446 2310 503 2362 tam
521 2308 665 2376 perditum,
689 2325 769 2378 quam
793 2311 825 2362 ut
843 2311 942 2379 aliquis
960 2310 992 2364 de
1011 2327 1059 2366 suo
1076 2327 1130 2365 non
1149 2311 1202 2365 sibi
1221 2311 1355 2376 consulat,

189 2448 192 2456 ,
222 2395 379 2463 praesertim
407 2411 467 2450 oum
495 2395 559 2448 deus
586 2396 667 2462 dieat,
694 2396 765 2449 nihil
788 2398 912 2467 prodesse
934 2397 1047 2466 homini,
1076 2398 1100 2451 si
1117 2401 1207 2452 totum
1223 2398 1354 2451 mundum

222 2480 383 2548 lucrifaciat,
406 2482 510 2535 animae
528 2484 619 2535 autem
636 2499 698 2536 suae
717 2481 910 2537 detrimentum
933 2483 1073 2552 patiatur?
1101 2486 1150 2538 aut
1168 2499 1249 2552 quam
1266 2483 1354 2552 dabit,

223 2566 321 2634 inquit,
348 2566 428 2619 homo
456 2568 690 2621 commutationem
716 2583 763 2636 pro
790 2568 881 2622 anima
905 2569 974 2622 sua?
1005 2570 1029 2622 si
1047 2584 1111 2639 orgo
1127 2569 1246 2623 homines
1263 2572 1355 2624 toturn

223 2653 354 2705 mundum
383 2669 505 2721 spernere
532 2658 644 2723 oportet,
673 2670 706 2707 ne
724 2655 875 2708 animarum
901 2655 998 2709 damna
1024 2657 1176 2723 patiantur,
1202 2657 1230 2709 et
1247 2659 1355 2724 propter

224 2754 301 2792 susm
319 2739 434 2793 salutern
452 2740 532 2794 debet
550 2741 684 2808 quispiam
702 2742 786 2795 etiam
799 2757 848 2795 sua
859 2741 934 2795 luera
946 2744 1124 2809 contemnere,
1143 2759 1224 2812 qnam
1237 2742 1355 2797 infidelis

224 2828 273 2889 ast,
293 2842 372 2894 quam
391 2827 519 2895 insipiens
537 2831 586 2893 est,
605 2829 652 2897 qni
670 2831 704 2881 ut
721 2828 807 2881 alium
825 2828 939 2882 diuitem
959 2828 1050 2895 faeiat,
1068 2829 1187 2884 animam
1205 2844 1280 2884 suam
1297 2828 1356 2896 ipse

224 2911 402 2966 condemnat?
432 2913 547 2966 maxime
573 2929 633 2967 oum
658 2914 685 2966 et
709 2913 755 2966 ille
780 2929 833 2966 non
856 2914 974 2969 multum
1001 2914 1173 2983 adipiscatur,
1201 2915 1248 2983 qni
1275 2929 1355 2967 usum

224 2999 411 3065 temporalium
433 3014 522 3052 rerum
545 2999 650 3066 accipit,
678 3001 705 3053 et
728 2999 776 3053 ille
799 3000 1012 3054 inaestimabilia
1035 3001 1134 3054 damna
1152 3000 1278 3069 perferet,
1307 3000 1355 3069 qui

225 3082 343 3137 fruetum
370 3083 465 3138 beatae
491 3085 661 3138 aeternitatis
687 3085 800 3140 amittit.
829 3101 892 3139 nam
914 3088 942 3139 θῖ
965 3085 1024 3139 ideo
1043 3086 1167 3155 sequitur
1184 3086 1215 3138 in
1232 3085 1357 3139 Psalmo:

134 3218 136 3224 s
225 3169 367 3238 sepulchra
383 3186 473 3225 eornm
491 3171 584 3226 domus
603 3187 695 3225 eorum
712 3172 741 3225 in
759 3176 906 3226 aeternum.
933 3188 1013 3241 quam
1032 3174 1129 3227 misera
1147 3187 1210 3241 ergo
1228 3173 1280 3224 erit
1296 3187 1356 3240 per·

225 3257 283 3311 dita
307 3272 364 3310 sors
391 3272 489 3322 eornm,
516 3258 564 3327 qui
587 3259 663 3326 quasi
687 3258 836 3326 sepulchris
853 3258 1016 3326 perennibus
1034 3258 1165 3326 deputati,
1194 3273 1274 3327 quam
1292 3272 1356 3311 oon-

226 3343 355 3398 ditionem
369 3346 554 3413 postmortem
566 3343 703 3414 perferunt
716 3360 865 3414 corporum,
880 3344 993 3400 eandem
1006 3344 1200 3413 quodammodo
1213 3344 1356 3415 patiantur

225 3430 383 3495 animarum,
409 3431 561 3499 etquidem
583 3432 672 3485 minus
694 3431 826 3497 miseram,
851 3432 875 3485 si
896 3431 1015 3498 eandem,
1039 3432 1088 3485 aut
1106 3430 1128 3483 si
1147 3429 1181 3484 ad
1199 3445 1243 3483 eos
1261 3429 1295 3483 ad
1313 3429 1356 3482 iu·

225 3523 317 3570 menta
343 3516 500 3585 insipientia
526 3532 573 3570 nee
600 3517 728 3571 bonorum
756 3533 848 3571 sensns
872 3534 919 3572 nee
942 3518 1074 3571 malorum
1097 3516 1185 3585 passio
1204 3513 1356 3583 perueniret

227 3604 384 3671 (pertineret
402 3603 443 3657 ed.
462 3601 586 3668 Bolum).
613 3603 684 3657 illud
703 3603 759 3670 (eod
776 3604 847 3658 illud
865 3604 906 3658 eol.
926 3604 1037 3670 Bolas.)
1062 3601 1187 3657 acerbum
1210 3603 1292 3669 atque
1314 3600 1357 3654 in·

226 3689 375 3750 tolerabile,
399 3690 470 3758 quod
488 3689 615 3742 similiter
633 3691 750 3758 pereunt,
776 3690 822 3743 sed
841 3705 893 3743 non
911 3690 1038 3742 similiter
1057 3689 1219 3757 puniuntur;
1246 3687 1356 3740 illorum

227 3776 299 3828 enim
323 3791 393 3828 mors
417 3775 578 3843 sempiterna
601 3777 658 3828 sine
680 3791 760 3829 sensu
778 3778 827 3839 est,
849 3775 965 3829 istorum
984 3775 1103 3829 omniurn
1121 3789 1180 3827 oum
1199 3772 1298 3826 dolore.
1326 3787 1357 3826 θθ

227 3861 267 3914 sio
288 3859 467 3928 conditionem
494 3861 632 3915 hominurn
660 3862 828 3929 peecatorum
855 3861 971 3929 perditio
995 3860 1104 3931 quidem
1126 3859 1194 3912 facit
1211 3857 1357 3926 pecudibus

227 3962 286 4000 esse
302 3946 427 4014 similem,
451 3947 498 4001 sed
515 3949 603 4001 tamen
622 3963 732 4014 poenam
756 3949 916 4016 grauiorem.
945 3947 1066 4016 cogitent
1083 3946 1170 4014 igitur
1188 3948 1285 3998 cuneta
1303 3943 1358 3997 ieta

227 4048 295 4101 quae
317 4031 437 4099 dicimus,
464 4033 547 4086 immo
569 4034 691 4103 rogitent
713 4035 809 4088 ennete
831 4034 880 4087 illa
904 4049 972 4101 quae
990 4032 1054 4086 deus
1072 4031 1147 4095 dioit,
1172 4031 1219 4098 qui
1236 4030 1289 4084 sibi
1309 4043 1357 4082 neo

227 4122 291 4171 ante
308 4122 421 4172 mortem
440 4121 549 4173 omnino
566 4121 718 4184 consulunt,
738 4134 787 4174 nee
802 4119 832 4174 in
849 4123 936 4174 morte
954 4120 1119 4183 sneonrrunt,
1139 4116 1210 4185 apud
1227 4131 1293 4185 qnos
1311 4115 1359 4170 ot·

227 4203 295 4258 liuio
314 4207 355 4258 est
372 4205 480 4274 penitus
498 4222 606 4260 suarum
625 4207 783 4261 animarum.
