3076 4764
603 933 818 1032 LIBER
860 933 935 1033 ΙΠ.

249 1215 275 1279 Ι.
305 1213 434 1279 Duobus
456 1210 667 1293 superioribus
696 1211 786 1278 libris
810 1229 883 1276 eum
904 1210 1025 1277 duabus
1048 1209 1185 1277 tiliorum
1208 1216 1361 1285 tuoruml

206 1319 355 1400 partibus,
379 1315 412 1380 id
435 1317 492 1391 est,
515 1333 577 1380 una
599 1313 708 1381 mundi
731 1314 880 1381 amatrice
904 1313 965 1381 alia
986 1313 1144 1395 religionis
1165 1315 1334 1397 imaginem

206 1419 409 1502 praeferente,
432 1437 449 1482 o
472 1417 599 1485 demina
620 1417 665 1481 mi
688 1419 816 1482 ecelesia
839 1417 899 1499 dei,
927 1416 1018 1500 quasi
1041 1417 1176 1500 separat
1234 1419 1334 1484 locuti

185 1541 322 1590 isumus.
360 1523 394 1587 in
423 1521 481 1589 hoo
510 1524 628 1604 antem,
658 1521 686 1586 si
717 1521 791 1586 deus
821 1520 942 1600 adnuit,
973 1521 1211 1603 neutramque,
1241 1522 1336 1604 prout

207 1644 300 1691 eausa
333 1643 368 1693 ae
400 1625 480 1689 ratio
514 1623 751 1707 postulauerint
785 1624 871 1707 loqui
905 1623 1056 1708 rupimus,
1091 1642 1175 1693 nune
1207 1624 1335 1693 diuisim

206 1730 392 1795 alterutram
422 1747 505 1795 nuno
536 1729 643 1794 ambas
673 1727 792 1809 pariter
820 1728 1032 1811 alloquentes.
1071 1732 1213 1811 superest
1235 1730 1271 1796 ut
1294 1729 1334 1795 ab

205 1835 337 1915 utraque
361 1851 468 1898 earum
490 1833 675 1918 agnoscente
697 1833 731 1897 in
753 1833 899 1899 lectionis
922 1834 1001 1899 serie
1024 1834 1128 1914 partes
1147 1850 1220 1897 suas
1243 1833 1334 1916 quid-

206 1936 281 2018 quid
301 1953 357 2017 pro
378 1935 492 2002 affectu
515 1937 605 2008 dein
626 1935 715 2003 nobis
739 1935 856 2002 dieitur
874 1954 946 2002 eum
961 1936 1074 2001 affeetu
1090 1937 1139 2002 dei
1154 1936 1332 2018 recipiatur.

171 2063 196 2103 10
205 2039 305 2121 igitur
342 2038 416 2121 quia
452 2037 486 2102 in
523 2039 653 2117 eunetis,
692 2054 770 2120 quae
808 2041 871 2103 iam
908 2038 1007 2103 loouti
1044 2056 1160 2110 sumus,
1199 2038 1364 2120 speciale2

206 2140 452 2209 Christianorum
486 2141 627 2207 omnium
660 2141 778 2207 bouum
814 2139 1059 2207 miserioordiam
1090 2158 1126 2206 ae
1155 2141 1334 2223 largitatem

206 2261 273 2311 esse
303 2244 556 2324 memorauimus
589 2245 815 2326 praecipuaque
841 2244 940 2311 ineis
963 2247 996 2308 et
1019 2245 1133 2309 merita
1155 2248 1334 2313 sanatorum

207 2351 238 2413 et
260 2348 457 2428 peecatorum
483 2347 621 2411 remedia
651 2348 802 2413 eontineri
830 2347 957 2425 idoneis,
991 2349 1029 2411 ut
1051 2364 1130 2424 reor,
1164 2363 1202 2411 ae
1224 2348 1335 2413 multis

206 2448 338 2515 testibus
364 2448 614 2531 adprobauimus,
638 2467 699 2514 non
722 2448 831 2530 opinor
854 2468 872 2513 a
890 2466 1045 2530 quoquam
1060 2448 1151 2530 plura
1166 2449 1334 2531 expectari,

172 2553 340 2619 1smaxime
363 2572 444 2631 eum,
468 2551 496 2616 si
519 2553 587 2635 quis
610 2552 739 2635 rupidus
763 2556 809 2618 est
831 2552 979 2635 plurium,
1009 2552 1091 2633 ipsos
1114 2550 1201 2617 adire
1223 2552 1333 2617 debeat

207 2658 300 2724 libros
330 2657 390 2740 dei,
421 2656 473 2740 qui
500 2657 545 2719 ita
567 2653 677 2721 multis
699 2672 735 2719 ao
756 2654 878 2738 magnis
900 2654 1035 2721 testibus
1068 2654 1151 2736 pleni
1183 2658 1268 2737 sunt,
1299 2657 1336 2721 ut

206 2761 423 2827 uniuersarum
441 2758 623 2825 caelestium
638 2757 817 2823 litterarum
833 2775 929 2838 paene
940 2776 1038 2825 unum
1050 2757 1093 2823 sit
1108 2757 1333 2825 testimonium.

207 2865 347 2947 superest
375 2864 541 2928 aduersum
569 2879 620 2927 eas
649 2862 887 2943 responsionum
908 2861 1084 2929 infidelium
1106 2880 1225 2940 causas,
1256 2870 1365 2947 quae3

206 2985 225 3030 a
257 2965 444 3048 quibusdam
481 2963 659 3030 mortiferae
696 2964 902 3030 excusationis
938 2964 1043 3049 gratia
1084 2966 1196 3048 opponi
1234 2967 1336 3033 solent

171 3091 198 3132 ro
207 3070 366 3151 quippiam
403 3068 514 3135 dicere.
564 3067 691 3152 loquens
728 3068 867 3133 saluator
903 3067 937 3132 iu
975 3068 1136 3154 euangelio
1172 3069 1336 3152 propterea

207 3170 396 3238 commodari
429 3170 605 3235 hominibus
633 3186 706 3252 opes
736 3169 900 3236 adomino
928 3189 964 3237 ae
992 3173 1157 3254 pecuniam
1187 3171 1275 3246 dicit,
1299 3176 1337 3251 ut

207 3294 279 3340 oum
307 3273 408 3339 usuris
438 3272 665 3355 multiplicibus
697 3275 894 3339 commodata
922 3274 1101 3352 reddantur,
1132 3274 1237 3338 dicens
1259 3292 1335 3339 uua·

205 3378 329 3444 rissimo
362 3377 508 3445 debitori:
542 3395 657 3450 serue
690 3377 789 3442 male
816 3394 858 3444 ue
889 3376 1018 3460 piger,
1054 3376 1208 3442 sciebas
1236 3377 1337 3460 quod

207 3499 276 3564 ego
309 3485 433 3562 meto,
468 3480 535 3545 ubi
568 3498 643 3544 non
671 3477 837 3561 semino,
871 3480 910 3542 et
932 3496 1143 3563 eongrego,
1166 3478 1236 3545 ubi
1258 3499 1334 3546 non

307 3650 342 3704 23
362 3650 458 3706 marin.
477 3651 519 3718 ns,
537 3651 571 3705 ne

256 3808 274 3860 4
292 3807 387 3861 eclesia
405 3807 433 3860 A
536 3806 553 3859 5
575 3808 677 3860 annuet
694 3806 898 3861 Ritiersduea'us
924 3806 1049 3859 annuerit
1068 3805 1110 3860 ed.
1129 3805 1266 3861 Boionius

207 3893 237 3947 11
266 3893 397 3946 bonorum
424 3893 451 3946 B
556 3892 588 3964 16
615 3892 706 3960 quieta
734 3908 767 3946 eor
794 3892 842 3960 qui
863 3892 904 3945 ita
927 3907 996 3947 eurr.
1014 3896 1086 3946 Μ
1109 3893 1135 3945 Α
1161 3893 1271 3961 quiite
1294 3894 1335 3948 B:

207 3979 328 4048 quitum
347 3996 408 4035 oum
426 3977 488 4034 edd.
506 3978 647 4042 Halmius)
752 3979 785 4033 18
812 3993 931 4047 causasq3
957 3979 989 4032 in
1016 3979 1064 4044 fun.
1089 3978 1137 4032 dira
1164 3994 1232 4033 erus.
1257 3995 1282 4049 q3
1310 3983 1336 4034 et

207 4064 287 4118 initio
303 4080 355 4133 seq.
373 4065 422 4119 liro.
441 4063 507 4118 odd.
524 4066 591 4117 Μ
608 4078 660 4133 que
678 4064 704 4116 A
723 4065 798 4133 (erpo
816 4080 883 4132 quae
900 4081 958 4118 nora
975 4079 1032 4132 ona,
1052 4069 1085 4119 ut
1102 4064 1231 4119 Halmius
1248 4065 1336 4132 adu),

208 4166 313 4206 eausam
331 4166 397 4220 quae
415 4151 442 4204 B
545 4149 579 4203 22
597 4151 753 4205 auarissimo
771 4149 815 4204 illi
834 4165 865 4205 ae
882 4150 1081 4219 nequissimop
