3076 4764
515 283 552 337 de
570 282 703 352 gubern.
723 281 775 337 dei
799 282 854 338 VII
872 287 887 348 d
905 282 1016 338 20-26.
1268 281 1328 348 163

202 476 238 539 ut
259 474 438 556 placeamus
471 473 528 537 deo
561 465 615 553 per
647 471 845 537 honestatem
879 490 972 553 quarn
1001 475 1037 537 ut
1067 470 1244 537 hominibus
1275 490 1331 554 per

202 576 435 659 impur‘tatem:
469 593 506 640 ac
527 576 665 659 perinde,
700 575 822 639 etiamsi
851 574 935 639 inter
961 573 1137 657 impudicos
1166 575 1235 655 quis
1257 574 1329 639 bar·

202 679 293 746 beros
321 679 421 757 uiuat,
450 679 550 762 magis
582 682 688 743 tamen
720 678 904 760 pudicitiam
934 677 1021 760 sequi
1043 677 1146 757 debet,
1171 677 1329 759 quaesibi

184 782 339 867 expedit,
371 801 465 865 quam
495 782 740 864 impudicitiam,
771 800 851 864 quae
880 781 1013 864 impuris
1043 780 1186 847 hostibus
1216 783 1328 863 placet.

183 886 254 951 seed
278 884 353 967 quid
376 887 492 950 accedit
515 886 642 968 insuper
665 884 705 949 ed
735 885 816 949 mala
845 888 976 950 nostra?
1004 886 1086 949 inter
1108 884 1233 967 pudicos
1256 882 1381 951 bar-24

202 989 294 1055 banos
316 988 464 1070 impudici
488 1007 606 1054 snmus.
642 990 713 1071 plue
742 988 842 1054 adhuc
871 989 953 1053 dico:
984 988 1193 1054 offenduntur·
1206 986 1330 1052 barbari

203 1089 262 1172 ipsi
283 1090 520 1172 impuritatibus
543 1091 669 1158 nostris.
704 1108 771 1156 esse
792 1090 874 1155 inter
897 1089 1012 1155 Gothos
1035 1091 1192 1167 nonlicet
1214 1094 1329 1155 scorte-

201 1193 302 1258 torem
326 1191 478 1258 Gothum:
509 1194 568 1258 soli
591 1195 671 1259 inter
694 1213 745 1258 eos
767 1193 956 1275 praeiudicio
979 1193 1114 1259 nationis
1138 1211 1175 1257 ac
1195 1192 1328 1257 nominis

201 1295 430 1379 permittuntur
457 1296 573 1380 impuri
603 1316 669 1363 esse
697 1298 839 1362 Romani.
877 1298 908 1361 et
931 1316 1008 1378 quae
1031 1296 1130 1381 nobis,
1152 1313 1236 1381 rogo,
1260 1313 1329 1378 spes

171 1401 275 1464 roante
297 1401 389 1464 deum
413 1402 484 1464 est?
507 1399 737 1481 impudicitiam
760 1417 815 1464 nos
833 1400 993 1481 diligimus
1010 1398 1105 1463 Gothi
1128 1403 1328 1465 execrantur:

200 1501 371 1585 puritatem
393 1520 448 1566 nos
472 1503 610 1586 fugimus
633 1503 682 1567 illi
696 1506 819 1567 amant:
843 1502 1008 1568 fornicatio
1026 1502 1107 1583 apud
1123 1501 1195 1566 illos
1212 1502 1328 1566 crimen

202 1609 293 1688 atque
327 1605 494 1670 discrimen
529 1611 577 1671 eat
610 1607 691 1688 apud
721 1625 774 1670 nos
805 1605 909 1671 decus.
944 1607 976 1669 et
1006 1607 1153 1686 putamus
1176 1621 1231 1669 nos
1255 1602 1381 1670 antedb

202 1711 294 1774 deum
316 1727 405 1791 posse
428 1710 603 1788 consistere,
626 1712 773 1791 putamus
796 1727 886 1789 posse
901 1727 956 1773 nos
979 1709 1084 1774 saluos
1107 1727 1183 1788 esse,
1207 1710 1329 1790 quando

203 1828 292 1877 omne
320 1812 515 1893 impuritatis
545 1812 644 1876 scelus
674 1811 774 1876 omnis
805 1811 1021 1894 impudicitiae
1043 1812 1204 1894 turpitudo
1227 1829 1246 1875 a
1266 1812 1330 1877 Ro·

173 1914 304 1979 amanis
338 1915 521 1980 admittitur
550 1920 580 1980 et
604 1934 622 1980 a
644 1915 786 1981 barbaris
822 1916 1027 1981 uindicatur?
1065 1914 1115 1980 hic
1148 1933 1231 1980 nunc
1259 1915 1331 1980 illos

202 2017 334 2098 requiro,
365 2018 416 2098 qui
439 2017 584 2082 meliores
606 2035 661 2083 nos
684 2020 800 2100 putant
822 2036 888 2082 esse
911 2036 1004 2099 quem
1033 2018 1193 2083 barbaros:
1225 2017 1331 2082 dicant

202 2118 278 2200 qnid
301 2118 410 2184 horum
433 2122 485 2185 uel
507 2121 687 2204 paucissimi
703 2119 798 2185 Gothi
821 2120 948 2198 faciant,
974 2121 1024 2184 uel
1040 2119 1114 2202 quid
1136 2138 1196 2184 non
1219 2119 1330 2186 horum

202 2221 348 2287 Romani¹
367 2240 472 2287 omnes
503 2224 554 2287 uel
583 2242 680 2306 paene
710 2225 838 2287 omnes?
871 2225 902 2287 et
924 2224 1084 2299 miramur,
1108 2223 1134 2286 si
1157 2225 1257 2287 terrae
1278 2224 1330 2289 uel

203 2324 433 2407 Aquitanerum
466 2328 519 2391 uei
551 2327 727 2391 nostrornm
762 2326 900 2390 omnium
929 2324 1030 2390 adeo
1064 2324 1204 2390 barbaris
1237 2328 1329 2391 datae

174 2431 283 2508 nsunt,
319 2447 390 2494 cum
419 2448 478 2511 eas,
514 2448 591 2512 quas
619 2431 752 2495 Romani
786 2430 965 2512 polluerunt
998 2428 1211 2511 fornicatione,
1247 2447 1329 2494 nunc

204 2533 354 2597 mundent
377 2533 498 2598 barbari
524 2533 693 2598 castitate?

245 2651 318 2717 VII.
342 2651 403 2717 Sed
424 2651 505 2717 forte
526 2652 584 2717 hoc
605 2652 638 2716 in
660 2650 831 2734 Aquitanis
855 2651 990 2717 tantum.
1014 2654 1209 2716 transeamus
1233 2650 1328 2716 etiam
1339 2653 1381 2719 26

204 2755 341 2821 eduliae
364 2756 473 2821 mundi
488 2758 601 2838 partes,
626 2775 664 2819 ne
687 2759 724 2820 de
746 2754 821 2820 solis
843 2755 1061 2820 tantummodo
1085 2753 1195 2819 Galliis
1218 2756 1330 2820 dixisse

203 2858 374 2924 uideamur.
395 2858 494 2939 quid?
509 2858 677 2940 Hispanias
693 2877 794 2923 nonne
808 2859 861 2923 uel
875 2859 984 2923 eadem
1000 2858 1052 2922 uel
1066 2859 1185 2924 maiora
1200 2858 1330 2923 forsitan

174 2959 283 3026 nuitia
311 2961 537 3042 perdiderunt?
582 2979 656 3042 quae
690 2963 814 3042 quidem
850 2961 993 3026 caelestis
1027 2961 1074 3026 ire
1103 2959 1228 3026 etiamsi
1259 2961 1330 3027 aliis

204 3065 396 3145 quibuslibet
424 3063 565 3127 barbaris
595 3063 790 3144 tradidisset,
825 3063 921 3146 digna
951 3063 1144 3147 flagitiorum
1175 3065 1331 3129 tormenta

204 3166 413 3232 telerauerant
428 3166 574 3247 puritatis
590 3165 718 3232 inimici.
734 3167 787 3232 sed
802 3167 933 3231 accessit
945 3167 1005 3232 huc
1016 3167 1056 3232 ed
1069 3167 1331 3235 manifestandam

255 3439 369 3506 lquam
387 3436 539 3491 homiuibus
557 3437 585 3491 Β
602 3441 666 3492 m.1
760 3436 905 3507 bproinde
923 3439 1127 3494 Riiiershuee'ue
1220 3438 1329 3507 pudicos

204 3523 262 3590 quie
285 3522 415 3577 barbarus
438 3522 466 3576 A
569 3521 586 3574 3
613 3520 746 3590 pudiciam
772 3522 799 3575 Β
904 3524 921 3577 5
944 3523 1013 3591 quod
1035 3522 1136 3577 accedit
1159 3523 1178 3576 i.
1202 3523 1235 3576 ad
1258 3523 1329 3577 mala

203 3610 302 3675 nostra,
321 3609 391 3662 inter
403 3608 482 3662 meld
493 3608 641 3661 Hortele'us
726 3606 824 3662 accidit
841 3607 869 3661 A
886 3608 998 3674 (accedit
1010 3614 1036 3663 ei
1047 3608 1258 3674 Rittereheoeiue)

203 3692 220 3746 8
244 3693 342 3749 iudicio
368 3693 529 3763 praeiudicio
555 3693 583 3746 Β
694 3695 725 3748 15
753 3693 922 3748 uindicantur
947 3693 995 3748 ead
1021 3710 1039 3747 n
1064 3695 1099 3748 iso
1121 3694 1242 3762 puerculi.
1269 3694 1329 3764 apli.

200 3786 294 3847 paee.
313 3779 341 3834 A
454 3781 487 3835 11
514 3780 616 3834 iaciunt
643 3781 671 3834 Β
783 3779 817 3834 18
834 3796 911 3849 penes
927 3786 1022 3848 puroet.
1041 3797 1054 3832 s
1076 3781 1121 3834 A.
1206 3780 1239 3835 19
1256 3783 1350 3835 nost·-

204 3879 261 3918 rum
284 3867 312 3920 Β
415 3866 450 3920 20
472 3866 624 3935 polluerent
647 3865 674 3918 Β
795 3865 829 3918 22
850 3865 994 3933 Aquitania
1018 3866 1162 3922 Halmius:
1189 3869 1261 3921 reete
1282 3866 1330 3935 (cf.

201 3967 230 4020 Ρ.
241 3956 301 4019 173,
313 3956 363 4008 17.-
385 3953 416 4006 in
433 3951 507 4007 Afris
526 3967 606 4021 paene
624 3949 749 4005 omnibns
767 3951 838 4006 nihil
859 3951 955 4006 horum
974 3954 1015 4006 eet
1032 3957 1058 4006 et
1073 3969 1102 4021 p.
1114 3956 1175 4021 176,
1187 3955 1231 4022 151
1255 3953 1330 4023 aqui·

204 4038 281 4092 tanos
293 4039 326 4091 A.
343 4037 505 4107 aquitanicis
514 4038 545 4091 Β
637 4038 744 4092 tanturn
763 4039 871 4091 tanturn
882 4037 929 4091 sed
937 4043 1041 4105 poster.
1054 4038 1111 4093 loeo
1119 4043 1217 4106 ponet.
1234 4039 1263 4092 A

204 4121 237 4177 24
262 4124 368 4193 spanias
390 4139 411 4179 a.
429 4139 482 4180 cer.
498 4140 532 4178 m.
550 4125 571 4177 2
588 4122 617 4176 hi
639 4123 667 4177 A
769 4122 803 4177 27
825 4121 1051 4179 manifestandum
1073 4123 1102 4177 A
1118 4124 1183 4191 fort.
1201 4130 1275 4180 reete
1292 4125 1329 4192 cf.

205 4212 227 4271 1-
245 4212 280 4264 51

1176 4315 1228 4369 11*
