3076 4764
171 205 257 262 XIIII

216 423 323 495 p:
354 395 549 471 editionem
569 420 771 495 pnncrpem
799 395 1016 471 Siohardi
1037 396 1166 494 (Basil
1191 400 1304 494 1528)

241 514 383 617 quam
430 516 515 591 eum
557 516 636 615 ipse
687 517 869 616 inspicere
911 543 989 591 non
1031 518 1215 616 potuerim
1260 545 1303 592 ex

278 637 437 723 editione
475 636 674 711 Halmiana
713 636 835 710 citaui.
885 663 980 735 quas
1015 662 1105 711 uero
1142 638 1305 713 continet

275 757 577 858 interpolationes
602 757 716 832 modo
753 748 940 839 breuiores
966 757 1079 832 modo
1107 759 1303 857 ampliores

276 905 320 953 ex
344 878 501 977 ingenio
535 877 669 978 partim
703 877 799 951 male
835 877 963 953 sedulo
999 877 1131 978 partim
1158 880 1304 954 aliunde

275 999 429 1075 haustas
450 983 545 1073 'non
582 998 626 1095 in⁴
658 997 936 1073 adnotationem
976 998 1157 1086 criticam„
1179 1000 1303 1100 recepi

276 1119 346 1213 nisi
384 1119 438 1191 in·
461 1101 603 1217 plures¹
630 1116 807 1203 editiones
848 1143 944 1216 quae
983 1119 1031 1192 ad
1070 1118 1304 1200 Halmium

262 1225 394 1337 *usque
420 1237 592 1338 prodiere
619 1237 716 1311 uiam
745 1263 851 1310 suam
877 1237 1109 1336 inuenerunt.
1141 1288 1172 1293 <-

224 1480 284 1559 Ad
316 1480 451 1567 horum
484 1489 611 1554 autem
647 1477 895 1553 subsidiorum
929 1478 1042 1552 fidem
1077 1491 1112 1554 et
1148 1481 1303 1554 auctori-

173 1587 288 1675 tatem*
327 1599 428 1710 quod
471 1609 524 1676 att
509 1600 601 1705 tinet
644 1625 793 1699 operam
833 1610 999 1673 nostram
1039 1599 1115 1672 fere
1155 1626 1304 1673 omnem

174 1723 460 1808 consentaneum
487 1720 608 1819 uisum
629 1731 684 1794 est
669 1719 778 1794 tniti
798 1718 987 1793 codicibus
1014 1720 1113 1792 Aet
1138 1720 1184 1806 Β
1213 1746 1305 1914 quot

173 1865 254 1912 rum
289 1838 341 1914 alt
326 1851 391 1914 ter
406 1839 442 1928 A
475 1814 568 1926 adeo
603 1839 713 1937 longe
746 1839 938 1938 primarias
964 1852 1084 1937 partes
1111 1839 1289 1933 habetu

173 1986 249 2033 non
275 1958 460 2057 potuerim
487 1959 648 2033 auctoris
675 1960 792 2034 uerba
818 1986 894 2033 non
919 1957 973 2031 ita
999 1959 1289 2052 constituere‚u
1262 1973 1304 2034 ut

175 2079 356 2179 quidquid
382 2081 421 2153 in
449 2079 586 2153 eisdem
616 2081 779 2178 reperias
807 2105 852 2153 ex
878 2078 1009 2153 eodem
1035 2079 1210 2153 haustum
1236 2106 1305 2179 pu·

173 2200 326 2274 tandum
368 2201 416 2274 sit
443 2200 566 2274 modo
595 2198 664 2274 ne·
684 2200 872 2275 adnotatio
913 2196 1035 2274 critica
1074 2200 1303 2276 contrarium

176 2321 328 2396 euineat.
369 2315 526 2419 uterque
553 2320 702 2419 quidem
730 2321 845 2395 codex
871 2321 988 2412 fluxit,
1021 2320 1061 2393 id
1088 2321 1189 2419 quod
1217 2322 1305 2396 satis

175 2443 214 2514 in
229 2442 541 2517 commentatione
554 2467 668 2540 supra
682 2442 775 2516 dicta
791 2438 1059 2514 demonstrasse
1073 2441 1161 2514 mihi
1176 2442 1311 2514 uideor

176 2574 211 2636 et
255 2556 408 2658 accepta
446 2560 715 2637 Weihrichii
759 2559 969 2634 conlatione
994 2556 1121 2632 ¹etiam
1168 2561 1304 2634 certius

174 2681 339 2780 profiteri
366 2681 494 2767 ausim,
523 2705 568 2752 ex
594 2705 669 2753 uno
697 2677 901 2774 eodemque
928 2677 1137 2776 archetypo.
1176 2690 1214 2752 at
1241 2680 1312 2776 qui

176 2793 342 2875 codicem
367 2800 407 2872 A.
430 2797 593 2871 exorauit
624 2794 743 2870 multo
776 2795 990 2892 diligentius
1016 2807 1052 2868 et
1079 2799 1316 2873 enucleatius*

176 2947 254 2994 rem
281 2917 575 3018 egit³⁴qna1nqni
594 2917 759 2991 codicem
785 2916 822 2989 B
847 2915 1067 3013 conscripsit
1084 2943 1162 2991 non
1184 2919 1305 2992 solum

175 3041 271 3114 iusto
311 3065 425 3137 saepe·
461 3037 717 3136 neglegentius
755 3036 821 3110 sed
854 3035 965 3110 etiam
1001 3037 1103 3111 haud
1134 3063 1220 3112 raro
1247 3039 1305 3130 sui

175 3162 291 3261 ipsius
327 3159 476 3258 ingenio
511 3157 597 3257 plus
632 3183 744 3256 quam
779 3156 872 3233 fonti
905 3183 971 3230 suo
1004 3157 1091 3233 fidei
1127 3157 1303 3233 tribuens.

178 3308 264 3357 cum
295 3306 386 3354 uero
420 3291 457 3357 et
492 3277 629 3354 codicis
654 3279 690 3351 A
726 3288 954 3351 exaratorem
990 3303 1066 3351 non
1101 3303 1305 3376 numquam

176 3402 225 3474 ita
252 3390 470 3481 dormitasse
491 3399 532 3472 in
549 3406 678 3501 aperto
706 3399 763 3486 sit,
790 3409 832 3471 ut
858 3395 1052 3472 oculorum
1079 3396 1305 3472 aberratione

178 3534 268 3596 omit
242 3500 362 3597 tteret
394 3519 468 3594 alia
501 3520 574 3594 alia
605 3520 729 3592 minus
757 3513 939 3616 sagaciter
966 3508 1136 3592 minusue
1162 3500 1305 3593 curiose

176 3629 381 3744 indagaret
394 3665 504 3747 quae
535 3641 575 3713 in
610 3639 808 3740 archetypo
847 3665 914 3712 suo
954 3627 1157 3751 inuenerat
1199 3639 1306 3713 etiam

179 3760 294 3835 codici
322 3755 368 3832 Β
389 3740 508 3833 multa
543 3750 679 3835 debent
664 3773 725 3834 tur
751 3770 788 3833 et
821 3757 1059 3856 retribuenda
1094 3744 1189 3867 sunt.
1231 3785 1305 3858 quo

177 3880 250 3952 fact
236 3891 316 3951 tum
356 3889 421 3972 est,
465 3889 507 3953 ut
547 3881 653 3954 etiam
699 3879 837 3954 codicis
867 3882 904 3955 B
944 3882 1066 3952 uarias
1106 3880 1305 3979 scripturas

180 4023 315 4097 easque
346 3999 508 4096 integras
541 4000 766 4075 adnotationi
799 3994 943 4074 criticae
976 3998 1087 4074 inseri
1115 4010 1306 4074 consenta-

178 4145 288 4193 neum
316 4119 516 4194 uideretur.
