3076 4764
226 274 291 342 140
711 270 867 325 Saluiani

222 479 343 544 quoque
364 478 431 526 esse
459 458 576 538 uitiosi,
608 477 663 524 nos
693 459 819 524 lantum
841 477 956 525 nouum
979 478 1077 544 genus
1100 461 1291 544 pupillorum
1313 477 1350 526 ac

221 565 414 647 perditorum
430 581 548 642 sumus,
571 563 605 627 in
621 562 736 645 quibus
751 562 911 645 opulentia
927 581 993 629 esse
1010 563 1114 642 desiit,
1138 564 1193 628 sed
1207 563 1350 646 nequitia

221 669 378 751 perdurat.
417 669 492 733 adeo
514 684 570 732 uos
593 684 656 731 non
679 669 715 731 ut
736 665 793 731 alii
815 664 953 732 homines
976 685 1085 732 causas
1100 667 1349 748 corruptelarum

221 770 255 835 in
282 771 456 851 inlecebris,
491 771 546 835 sed
575 771 609 834 in
638 768 780 834 cordibus
807 768 967 849 habemus,
999 772 1032 834 et
1060 769 1216 834 uitiositas
1244 770 1350 834 nostra

222 888 309 939 mens
338 875 443 940 nostra
470 875 528 952 est,
557 878 593 936 ut
615 871 655 939 ad
678 871 885 938 emendandos
913 890 969 939 nos
997 890 1060 938 non
1081 871 1270 939 facultatum
1293 875 1384 939 rab-s

221 976 337 1042 latione
356 1010 371 1042 a
390 979 444 1042 sed
467 978 621 1042 malarum
643 993 748 1040 rerum
770 992 875 1040 amore
896 994 1024 1058 peecare
1046 975 1256 1061 (pergamus).

169 1101 212 1167 53
264 1097 302 1162 X.
334 1097 457 1178 Quanta
487 1101 592 1162 autem
619 1097 698 1161 uitia
727 1096 939 1162 Romanorum
962 1095 1035 1174 sint,
1065 1095 1177 1179 quibus
1199 1095 1349 1163 barbarae

221 1205 331 1284 gentes
355 1220 417 1266 non
443 1200 660 1283 inquinantur,
689 1198 764 1263 licet
792 1198 945 1263 hacteuus
968 1200 1045 1263 satis
1069 1199 1211 1278 dixerim,
1235 1201 1348 1265 addam

221 1306 328 1369 tamen
361 1305 463 1369 multa
495 1320 573 1386 quae
608 1302 729 1368 desunt.
766 1301 820 1367 sed
853 1301 933 1368 illud
961 1301 1110 1367 admoneo
1139 1303 1246 1366 tamen
1277 1305 1349 1367 ante

222 1424 316 1488 quam
345 1406 422 1485 dico,
452 1427 491 1471 ne
520 1406 620 1471 ullum
649 1404 773 1487 penitus
803 1405 912 1487 culpae
941 1404 1384 1488 genus,quodadcontu·1o

221 1509 348 1574 meliam
371 1510 421 1574 dei
444 1510 588 1595 pertinet,
613 1509 759 1593 cuiquam
782 1508 852 1573 leue
875 1526 941 1572 esse
963 1509 1115 1574 uideatur.
1146 1509 1173 1574 si
1195 1511 1278 1591 enirn
1299 1510 1348 1573 in-

221 1612 355 1677 lustrem
378 1631 413 1678 ac
434 1615 667 1696 praepotentem
690 1612 793 1677 uirum
816 1629 1012 1694 nequaquam
1035 1612 1251 1677 exhonoratio
1273 1630 1348 1694 quo·

222 1732 316 1796 quam
345 1715 420 1780 licet
449 1719 490 1798 et,
520 1719 548 1781 si
577 1719 742 1799 quisquam
765 1716 1010 1793 exhonorauerit‚
1040 1716 1171 1780 decretis
1194 1715 1347 1799 legalibus

221 1836 292 1882 reus
315 1816 438 1884 sistitur
461 1823 491 1883 et
506 1819 691 1885 iniuriarum
707 1821 814 1884 auctor
828 1818 896 1883 iure
911 1821 1085 1897 damnatur,
1110 1821 1225 1900 quanto
1240 1818 1348 1900 utique

222 1921 348 1984 maioris
382 1921 498 2004 piaculi
533 1924 649 1987 crimen
682 1925 728 1986 661
757 1916 943 1986 iniuriosum
974 1921 1151 2004 quempiam
1181 1920 1237 1985 deo
1260 1923 1384 1988 666616

223 2041 343 2105 semper
365 2025 448 2088 enim
471 2044 524 2107 per
547 2024 737 2108 dignitatem
759 2024 908 2088 iniuriam
931 2023 1115 2107 perferentis
1129 2024 1239 2089 crescit
1256 2023 1349 2105 culpa

223 2125 375 2208 facientis,
400 2130 472 2209 quia
495 2147 620 2193 neccsse
643 2129 700 2201 est,
723 2129 840 2209 quanto
862 2128 962 2192 maior
979 2131 1026 2192 661
1048 2146 1180 2209 persona
1195 2126 1271 2203 eius,
1296 2127 1350 2209 qui

170 2231 446 2296 blcontumeliam
468 2230 597 2313 patitur,
621 2232 710 2295 tanto
733 2231 831 2294 maior
853 2229 896 2294 sit
919 2247 997 2295 noxa
1019 2230 1093 2309 eius,
1108 2230 1171 2312 ·qui
1194 2230 1279 2296 fecit.
1318 2231 1351 2294 61

222 2333 294 2398 hinc
322 2334 473 2416 estquod
500 2334 634 2418 legimus
656 2337 688 2398 in
712 2333 791 2417 lege,
822 2333 917 2398 eliam
942 2351 1004 2415 eos,
1034 2333 1088 2415 qui
1110 2333 1258 2399 uidentur
1279 2351 1350 2399 con·

222 2437 274 2502 tra
301 2438 485 2502 mandatum
515 2454 638 2509 sacrum
664 2419 750 2503 leuia
778 2436 898 2514 fecisse,
927 2436 1125 2501 seuerissime
1152 2437 1260 2501 tamen
1282 2454 1385 2507 essere

222 2541 360 2622 punitos:
396 2541 432 2604 ut
461 2540 712 2623 intellegeremus
747 2539 863 2606 scilicet
897 2539 976 2604 nihil
1005 2542 1044 2605 ad
1076 2541 1167 2605 deum
1191 2543 1349 2624 pertinens

222 2643 293 2709 leue
316 2661 380 2707 esse
405 2643 590 2722 ducendum,
614 2645 688 2725 quia
711 2644 806 2709 otiam
822 2646 902 2726 quod
925 2643 1091 2710 uidebatur
1114 2644 1261 2728 exiguum
1283 2663 1350 2710 esse

224 2745 330 2827 culpa,
358 2749 475 2828 grande
505 2746 563 2812 hoc
592 2747 729 2813 faciebat
758 2748 937 2815 diuinitatis
965 2748 1088 2814 iniuria.
1127 2748 1258 2831 denique
1286 2749 1350 2815 Oza

221 2848 276 2913 ille
308 2847 421 2912 leuitas
451 2850 500 2914 dci
530 2849 605 2933 quid
636 2855 741 2916 contra
773 2852 958 2918 mandatum
988 2852 1119 2916 caeleste
1148 2851 1233 2929 fecit,
1268 2853 1349 2934 qued

327 3035 359 3087 19
377 3033 458 3088 Exod.
476 3034 508 3089 31
545 3036 625 3088 Num.
644 3036 679 3090 ab
780 3038 862 3092 2311
881 3039 944 3106 Reg.
963 3040 980 3093 6

274 3205 291 3258 3
308 3206 515 3274 coruptellarum
535 3207 583 3260 alt.
596 3206 606 3258 l
614 3213 712 3274 pacet.
730 3209 754 3261 A
847 3209 863 3262 5
877 3215 942 3276 post
959 3208 1094 3262 ablatione
1111 3210 1220 3278 6196666
1232 3209 1350 3264 lacaenae

218 3291 311 3360 poscit
334 3293 465 3346 Helonius
488 3293 557 3346 ‘cem
581 3293 695 3347 6661666
720 3293 834 3362 aliquod
859 3295 945 3357 (66161
966 3297 1165 3360 oonnertamnr,
1189 3293 1350 3348 deducamur

222 3381 284 3448 616.)
304 3379 393 3434 decore
411 3381 555 3447 apporeot'
573 3384 600 3434 et
616 3394 730 3447 sequeus
748 3397 885 3449 peccamus
903 3381 1068 3435 6611661166
1080 3380 1197 3446 Amce
1214 3396 1350 3450 peccemus

223 3466 307 3534 (th)
326 3481 453 3520 moaeea:
471 3467 527 3520 ‘lrcc
544 3466 691 3520 6666616666
709 3467 742 3520 ab
761 3469 792 3519 ut
807 3466 929 3535 peredere
944 3483 1000 3521 666
1013 3482 1093 3535 peace
1112 3468 1289 3533 manifestem
1307 3468 1350 3520 61-

223 3551 326 3619 ἁ6166’,·
349 3552 449 3606 66616
467 3551 616 3606 sete-Ber.
631 3568 662 3620 p.
681 3555 717 3606 10
738 3559 799 3620 post
822 3552 958 3606 ablatione
982 3552 1112 3608 eccidisse
1129 3552 1276 3615 6161616666
1294 3568 1351 3605 mo-

222 3653 331 3690 neamur
348 3642 375 3691 et
388 3653 442 3705 pro
466 3653 605 3706 peccamus
628 3638 803 3692 scribendam
827 3654 882 3692 6666
906 3654 1011 3706 peccare
1029 3653 1184 3707 pergamus;
1210 3654 1275 3691 6666
1292 3653 1350 3705 per-

221 3721 303 3788 gendi
320 3722 459 3775 661166666
482 3722 634 3777 desiderari
652 3739 703 3776 666
720 3723 810 3778 deesse
824 3739 905 3792 pesse
924 3723 1007 3778 161166
1024 3724 1076 3778 loci
1093 3723 1166 3778 ratic
1180 3723 1283 3791 probet
1303 3724 1349 3792 (ef.

222 3822 290 3874 quoe
303 3806 491 3875 praecederat:
517 3807 841 3862 destiterint—desinant
865 3815 891 3863 et
914 3810 1052 3877 opulentia
1070 3826 1125 3863 esee
1143 3809 1223 3863 desiit
1241 3809 1286 3863 sed
1304 3825 1350 3862 nc·

221 3891 310 3961 quitia
331 3890 466 3960 perdurat)
570 3894 815 3963 Scoinquinantur
838 3895 867 3948 B
968 3895 1095 3949 9desint
1119 3895 1146 3949 B
1251 3895 1284 3949 14
1308 3913 1350 3950 ex-

221 3975 329 4029 sistitur
347 3977 374 4030 B
480 3979 510 4032 16
528 3979 686 4047 perferentis
705 3994 738 4032 ecc
757 3981 811 4032 -166
830 3980 856 4032 A
875 3996 996 4037 666661.
1015 3983 1034 4034 2
1137 3982 1170 4036 18
1192 3981 1239 4050 sit]
1263 3983 1305 4035 est
1323 3981 1352 4035 A

221 4099 287 4164 fort.
306 4099 338 4151 a'e
356 4099 502 4168 archetype
520 4100 546 4152 A
565 4099 622 4154 cod.
639 4100 698 4165 fca't
721 4066 759 4153 611
782 4099 857 4155 eade
874 4101 957 4167 facile
973 4101 1054 4168 fiebat
1073 4105 1114 4154 est
1129 4117 1180 4169 pec
1199 4104 1236 4154 sit
1254 4106 1282 4155 et

220 4182 255 4236 22
273 4184 392 4253 exigium
409 4201 430 4238 6.
448 4186 477 4253 gi
495 4201 545 4240 aer.
564 4203 598 4239 m.
616 4189 635 4241 2
652 4203 671 4239 u
688 4188 716 4239 A
