3076 4764
232 255 294 326 ης
715 247 874 302 Ssluiani

228 445 281 510 tur
303 441 448 525 superbia
470 443 502 503 et
516 425 638 504 tumo'r:
662 439 730 502 tam
749 437 906 521 peculiare
922 436 980 501 hoc
993 435 1130 500 diuitum
1145 454 1277 519 regnum
1299 440 1357 522 est,

227 548 265 612 ut
287 544 406 627 aliquid
429 542 561 609 forsitan
582 544 620 607 de
643 542 710 606 iure
733 558 787 606 suo
811 559 844 605 se
864 540 976 622 putent
991 539 1128 621 perdere,
1152 540 1180 602 si
1201 538 1275 604 hinc
1296 541 1357 606 sibi

227 651 307 714 alius
334 647 500 730 quiequam
530 645 668 709 uoluerit
696 643 873 708 uindicare:
908 644 1085 707 transeatur
1107 643 1240 725 denique
1262 662 1357 727 prope

226 769 317 816 omne
343 749 502 814 fiaudium
531 748 619 812 falsit
605 749 709 812 tatum
730 747 938 829 periuriorum
960 746 1065 811 nefas:
1097 747 1186 812 nulla
1207 766 1357 829 umquam

172 854 273 921 sabis
302 853 396 917 malis
417 853 564 916 Romana
584 851 698 915 ciuitm
728 852 838 915 caruit.
884 851 946 914 etsi
974 850 1142 932 specialius
1170 851 1228 915 hoc
1254 854 1390 916 scelusr

223 957 374 1023 Afrorum
397 956 537 1020 omnium
553 955 625 1020 fuit.
647 972 721 1019 nam
740 954 852 1020 sicut
844 973 877 1019 in
900 956 1055 1020 sentinam
1070 954 1243 1037 profundae
1264 955 1356 1020 nauis

224 1058 426 1124 conluuiones
455 1059 596 1122 omnium
619 1058 767 1137 sordium,
792 1058 837 1122 sic
867 1058 900 1122 in
929 1077 1031 1123 mores
1061 1076 1169 1123 eorum
1197 1058 1288 1141 quasi
1318 1062 1356 1124 de

224 1163 310 1227 omni
330 1162 445 1228 mundo
468 1163 549 1227 uitia
570 1161 736 1226 fluxerunt.
773 1162 893 1225 nullam
917 1161 1000 1226 enim
1023 1162 1257 1245 improbitatem
1280 1165 1355 1243 scio,

224 1284 304 1349 qnae
331 1266 400 1331 illic
428 1285 488 1332 non
516 1266 753 1345 redundauerit,
788 1284 861 1330 cum
887 1267 998 1348 utique
1028 1267 1124 1330 etiam
1152 1285 1292 1350 paganae
1320 1287 1357 1333 ac

224 1368 309 1434 ferae
332 1370 458 1453 gentes,
490 1368 551 1434 etsi
572 1370 690 1434 habent
712 1370 892 1453 specialiter
918 1368 1003 1434 mala
1032 1371 1172 1451 propria,
1203 1387 1265 1435 non
1292 1371 1390 1436 sintro

172 1470 330 1537 64tamen
352 1472 385 1537 in
406 1472 456 1536 his
472 1473 579 1538 omnia
601 1474 792 1539 execratione
813 1474 915 1557 digna.
944 1471 1119 1538 Gothorum
1142 1492 1217 1557 gens
1237 1473 1356 1556 perfida

223 1575 278 1639 sed
300 1575 415 1657 pudica
438 1576 497 1656 est,
520 1575 696 1641 Alienorum
718 1577 876 1658 impudica
898 1578 952 1640 scd
974 1574 1077 1640 minus
1099 1575 1226 1658 perfida,
1242 1577 1356 1642 Franci

223 1675 387 1742 mendaces
409 1679 463 1741 sed
485 1677 667 1767 hospitales,
685 1678 821 1744 Saxones
842 1678 1027 1744 crudelitate
1043 1677 1127 1742 efferi
1142 1680 1194 1743 sed
1210 1680 1356 1744 castitate

222 1778 374 1844 mirandi:
405 1797 512 1844 omnes
541 1782 675 1863 denique
697 1783 808 1866 gentes
835 1781 952 1846 habent
974 1781 1058 1845 sicut
1078 1781 1249 1864 peculiaria
1271 1783 1356 1847 mala

223 1882 270 1947 ita
292 1882 388 1947 etiam
411 1884 565 1965 quaedam
587 1885 675 1950 bona.
699 1885 733 1949 in
755 1885 842 1950 Afris
860 1904 962 1967 ¹paene
989 1883 1133 1950 omnibus
1156 1885 1258 1949 nescio
1280 1888 1389 1967 quidrs

222 2003 284 2050 non
305 1987 437 2050 malum.
477 1990 504 2051 si
527 1991 700 2053 accusanda
723 1990 770 2053 est
792 1988 1008 2053 inhumanitas
1030 1987 1196 2052 inhumani
1219 1990 1302 2066 sunt,
1326 1989 1355 2054 si

223 2089 358 2154 ebrietas
374 2079 498 2172 ebriosi,
514 2091 540 2154 si
557 2092 680 2156 falsitas
695 2092 901 2170 fallacissimi,
917 2093 945 2156 si
958 2093 1048 2157 dolus
1060 2091 1353 2170 fraudulentissimi,

222 2195 250 2259 si
277 2195 432 2278 cupiditas
462 2196 677 2277 cupidissimi,
711 2196 739 2260 si
769 2195 901 2278 perfidia
929 2195 1141 2279 perfidissimi.
1185 2195 1354 2278 impuritas

222 2316 328 2363 eorum
356 2301 449 2379 atque
477 2298 672 2382 blasphemia
699 2299 748 2364 his
780 2300 923 2364 omnibus
953 2298 1152 2363 admiscenda
1180 2317 1240 2363 non
1269 2300 1354 2383 sunt,

223 2402 296 2483 quia
318 2401 382 2465 illis
410 2418 490 2482 quae
512 2420 607 2483 supra
630 2401 767 2467 diximus
801 2401 895 2466 malis
926 2401 1061 2466 aliarum
1090 2403 1233 2484 gentium
1264 2404 1389 2482 altiaco

223 2502 398 2568 bisantem
421 2505 517 2568 etiam
539 2524 596 2570 sua
618 2507 686 2587 ipsa
708 2505 863 2570 uicerunt.

170 2646 212 2712 65
264 2642 352 2707 XVI.
377 2641 424 2706 Ac
452 2641 606 2723 primum,
635 2642 671 2705 ut
701 2641 739 2705 de
761 2640 945 2723 impuritate
967 2640 1127 2719 dicamus,
1154 2640 1223 2723 quis
1253 2642 1355 2708 nescit

221 2745 362 2811 Africam
385 2746 482 2810 totam
508 2745 649 2809 obscenis
672 2745 842 2810 libidinum
863 2744 965 2809 taedis
988 2762 1109 2827 semper
1131 2744 1262 2821 arsisse,
1291 2762 1354 2809 non

215 2844 258 2912 'ut
280 2849 397 2912 terram
420 2865 456 2911 ac
478 2848 584 2913 sedem
606 2848 780 2926 hominum,
808 2847 862 2913 sed
885 2848 921 2911 ut
944 2847 1079 2912 Aetnam
1103 2852 1192 2930 putes
1215 2847 1354 2930 impudi-

223 2968 331 3015 carum
345 2950 440 3015 fuisse
455 2949 678 3016 flammarum?
693 2971 767 3016 uam
783 2952 866 3016 sicut
879 2950 982 3015 Aetna
995 2947 1152 3015 intestinis
1164 2949 1387 3032 quibusdamre

222 3053 352 3117 naturae
374 3053 526 3118 feruentis
549 3052 711 3119 ardoribus
735 3055 781 3119 sic
803 3053 859 3118 illa
881 3052 1097 3118 abominandis
1119 3053 1235 3136 iugiter
1254 3052 1353 3118 sorni·

222 3153 381 3220 cationum
405 3154 532 3237 ignibus
554 3156 723 3221 aestuarit.
758 3176 815 3222 nec
838 3156 908 3221 uolo
931 3156 963 3220 in
986 3156 1044 3233 hac
1066 3174 1099 3219 re
1122 3155 1352 3221 adsertionibus

222 3258 300 3322 meis
323 3259 417 3333 orodi,
442 3258 658 3323 testimonium
680 3261 855 3341 requiratur
877 3261 999 3340 generis
1020 3260 1160 3326 humani.
1198 3258 1267 3341 quis
1289 3276 1353 3324 non
1456 3336 1457 3340 Ἰ

222 3379 327 3426 omnes
350 3361 477 3426 omnino
494 3361 587 3426 Afros
609 3362 796 3444 generaliter
818 3363 990 3444 impudicos
1014 3363 1093 3427 sciat
1115 3363 1175 3426 nisi
1197 3363 1236 3426 ad
1259 3363 1353 3425 deum

171 3469 212 3535 66
222 3466 301 3531 forte
324 3482 496 3546 conuersos,
520 3465 554 3531 id
576 3467 624 3530 est
646 3466 705 3531 fida
720 3484 756 3532 ac
778 3465 928 3551 religione
943 3467 1105 3532 mutatos?
1133 3465 1188 3531 sed
1210 3465 1268 3529 hoc
1283 3467 1386 3554 tameo

272 3753 419 3806 domnam
446 3753 474 3806 Β
577 3755 945 3810 betsieaetseAcorr.
963 3758 1049 3810 m..2
1075 3755 1153 3810 etB
1257 3754 1351 3807 lim·

221 3853 307 3891 mores
324 3839 353 3891 A
453 3840 522 3909 de]
514 3857 542 3894 m
561 3841 589 3894 Β
688 3842 722 3894 10
739 3842 825 3911 fereae
843 3841 892 3897 sed
909 3857 939 3895 ae
954 3847 1052 3910 procat
1070 3842 1112 3896 A·
1139 3842 1237 3894 ferreae
1254 3840 1282 3893 B

222 3922 255 3975 12
276 3922 391 3977 Francos
415 3924 443 3977 Β
547 3926 579 3980 17
603 3927 701 3980 ebriosi
720 3931 783 3981 sunt
801 3927 884 3993 Bw)
987 3926 1023 3980 20
1039 3926 1152 3980 aliorum
1166 3931 1279 3994 praeter
1296 3925 1353 3978 ΒΤ

221 4008 304 4061 aiam
320 4011 362 4075 A,
389 4011 461 4079 qaod
478 4011 608 4066 Halmius
625 4028 682 4066 aco
699 4013 794 4067 odoret.
898 4014 933 4068 24
956 4013 1065 4068 ethnam
1083 4013 1164 4077 B(T)
1183 4012 1247 4065 item
1262 4011 1351 4079 paulo

217 4100 282 4162 poet
299 4094 381 4150 ethna
484 4097 518 4151 26
536 4097 668 4151 feruentes
687 4098 742 4151 Β
817 4101 851 4154 29
868 4099 1017 4168 impudicos
1035 4100 1196 4168 generaliter
1213 4098 1251 4165 B,
1277 4097 1350 4152 idem

221 4181 311 4235 statim
329 4182 398 4236 forte
416 4183 450 4237 ad
468 4183 547 4237 deum
