3076 4764
246 266 265 329 8
727 263 887 318 Saluiani

247 454 366 519 talenta
387 472 447 520 non
468 459 653 537 premerent,
677 473 748 520 cum
771 458 866 521 etiam
888 457 1011 539 argenti
1033 475 1125 522 usum
1140 457 1260 540 legibus
1284 475 1368 522 coer·

248 559 375 621 carent?
406 559 556 640 numquid
584 558 751 624 illecebrae
779 560 811 623 et
841 559 1021 642 cupiditatis
1051 577 1182 642 poenam
1209 561 1369 641 putabant,

248 660 329 742 quod
352 659 491 725 distenta
520 660 622 725 aureis
653 661 789 726 nummis
822 662 982 744 marsupia
1013 680 1075 727 non
1103 662 1266 743 haberent,
1300 681 1372 727 cum

247 763 416 845 patricium
438 763 605 839 hominem,
629 767 709 847 quod
732 783 828 847 usque
849 767 889 831 ad
908 767 1016 832 decem
1032 766 1156 850 argenti
1170 767 1266 833 libras
1282 766 1371 830 diues

198 858 313 931 llesse
336 866 503 945 uoluisset,
532 866 698 950 indiguum
726 868 812 932 curia
839 868 1034 934 iudicarent?
1078 885 1140 933 333
1161 869 1406 953 despiciebaris

248 970 339 1046 tunc,
368 971 458 1051 puto,
487 988 633 1052 pauperes
657 971 774 1052 cultus,
806 988 877 1036 cum
899 975 1020 1038 uestem
1048 971 1165 1036 hirtam
1187 989 1224 1036 ac
1247 974 1373 1037 breuem

249 1076 418 1152 sumerent,
444 1091 514 1138 cum
536 1074 574 1139 ab
598 1073 699 1139 aratro
722 1078 949 1139 arcesserentur
971 1073 1010 1140 ad
1027 1074 1124 1139 fasces
1140 1077 1172 1139 at
1185 1074 1374 1139 inlustrandi

251 1176 360 1242 habitu
394 1177 549 1243 consulari
580 1177 646 1243 illis
681 1178 812 1242 fortasse
845 1176 920 1262 ipsis
955 1195 1030 1259 quas
1060 1177 1257 1262 adsumpturi
1284 1179 1374 1242 erant

250 1279 466 1362 imperialibus
484 1281 565 1364 togis
580 1283 741 1348 madidum
753 1282 863 1346 sudore
873 1280 1036 1366 puluerem
1050 1280 1255 1364 detergerent.
1270 1280 1374 1362 itaque

159 1442 160 1446 ,
252 1383 328 1448 tunc
350 1381 399 1447 illi
421 1402 569 1467 pauperes
591 1385 797 1468 magistratus
826 1385 1006 1466 opulentam
1032 1384 1257 1465 rempublicam
1279 1383 1410 1449 habe-10

251 1484 345 1564 bant,
375 1504 456 1552 nuno
485 1490 591 1552 autem
621 1488 707 1552 diues
734 1488 870 1571 potestas
899 1505 1067 1569 pauperem
1095 1486 1172 1552 facit
1199 1504 1266 1552 esse
1293 1504 1375 1551 rem-

251 1589 420 1672 publicam.
445 1591 476 1655 et
498 1608 584 1672 quae,
608 1609 693 1675 rogo,
715 1579 839 1656 insania
851 1593 900 1655 est
915 1593 970 1655 aut
985 1608 1063 1674 quae
1084 1590 1223 1669 caecitas,
1245 1591 1283 1653 ut
1304 1606 1376 1671 ege-

205 1721 207 1725 ·
253 1696 359 1758 stuosa
388 1713 423 1759 ac
445 1693 641 1759 mendicante
670 1695 830 1777 republica
860 1692 988 1759 diuitias
1017 1712 1107 1776 posse
1137 1692 1267 1758 credant
1294 1691 1376 1755 stare

253 1797 416 1879 priuatas?
439 1797 517 1863 tales
540 1817 611 1882 ergo
635 1799 710 1864 tunc
732 1800 852 1864 ueteres
868 1797 1002 1864 Romani
1023 1797 1113 1863 erant
1127 1798 1159 1861 et
1179 1797 1224 1862 sic
1238 1794 1287 1859 illi
1302 1795 1378 1858 tunc

254 1903 494 1968 contemnebant
517 1902 647 1967 diuitias
669 1903 839 1967 nescientes
867 1902 974 1984 deum,
1010 1901 1092 1965 sicut
1120 1918 1201 1964 nuuc
1228 1897 1412 1981 spernuntur

205 2006 245 2073 12
255 2006 419 2091 sequentes
442 2005 613 2071 dominum.
651 2022 838 2088 quamquam
861 2005 935 2087 quid
957 2021 1014 2086 ego
1037 2005 1074 2069 de
1096 2002 1162 2067 illis
1185 2001 1301 2085 loquor,
1325 1997 1379 2083 qui

256 2129 331 2178 cura
359 2109 482 2193 imperii
511 2108 702 2195 propagandi
735 2110 950 2191 contemptum
978 2105 1118 2190 propriae
1150 2104 1310 2171 facultatis
1340 2103 1379 2169 ad

256 2234 327 2299 opes
355 2214 494 2299 publicas
525 2212 722 2279 conferebant
744 2212 790 2291 et,
817 2211 892 2276 licet
914 2211 1061 2294 priuatim
1090 2227 1237 2292 pauperes
1266 2209 1377 2282 essent,

205 2376 207 2381 .
256 2318 376 2384 diuitiis
406 2323 511 2384 tamen
539 2316 754 2383 communibus
785 2314 1006 2395 abundabant,
1041 2332 1112 2379 cum
1146 2312 1241 2378 etiam
1271 2309 1381 2376 Graeci

257 2424 382 2508 quidam
398 2421 570 2505 sapientiae
585 2422 752 2486 sectatores
768 2421 834 2485 sine
849 2418 914 2484 ullo
931 2417 1073 2501 publicae
1096 2415 1245 2481 utilitatis
1267 2414 1414 2478 effectuae

257 2543 352 2609 prope
375 2525 459 2590 omni
481 2544 512 2591 33
534 2527 580 2591 331
600 2524 763 2591 familiaris
784 2543 843 2588 usu
865 2519 1075 2603 assequendae
1097 2518 1215 2603 gloriae
1230 2516 1382 2582 auiditate

258 2630 461 2707 nudauerint,
491 2645 547 2691 333
569 2626 670 2690 solum
692 2625 763 2706 hoo,
793 2623 846 2687 sed
875 2622 971 2685 etiam
993 2636 1088 2700 usque
1110 2618 1149 2682 ad
1171 2617 1382 2696 contemptum

260 2731 373 2797 doloris
401 2748 438 2794 ac
466 2730 575 2793 mortis
604 2728 759 2791 doctrinae
787 2733 862 2789 suae
890 2723 1013 2788 culmen
1042 2719 1209 2794 erexerint,
1244 2717 1382 2782 dicentes

259 2833 381 2899 scilicet
404 2833 499 2897 etiam
514 2830 548 2896 in
562 2831 676 2894 catenis
693 2829 784 2909 atque
803 2825 963 2909 suppliciis
979 2823 1105 2890 beatum
1120 2840 1187 2888 esse
1201 2821 1382 2904 sapientem.

259 2939 381 3002 tantam
403 2934 530 3000 uirtutis
553 2932 616 2997 uim
636 2950 701 2997 esse
717 2930 890 3008 uoluerunt,
914 2929 949 2994 ut
964 2946 1025 2994 non
1040 2925 1139 3010 possit
1153 2943 1221 2990 esse
1234 2941 1418 3005 umquamne

260 3041 310 3104 uir
332 3041 428 3105 bonus
451 3056 513 3102 nou
539 3036 660 3102 beatus.
704 3033 730 3098 si
759 3050 831 3116 ergo
860 3031 909 3096 illi
931 3051 950 3097 a
972 3028 1158 3113 quibusdam
1183 3026 1385 3092 nuncetiam

262 3141 452 3224 sapientibus
475 3139 552 3205 uiris
574 3137 681 3204 miseri
703 3154 765 3202 non
790 3136 957 3219 putantur,
988 3133 1041 3216 qui
1063 3133 1165 3197 nullos
1193 3129 1308 3196 laboris
1336 3128 1385 3194 sui

261 3245 381 3312 fruetus
402 3244 463 3311 nisi
486 3263 522 3310 ex
537 3242 693 3325 praesenti
709 3242 833 3307 tantum
847 3237 938 3305 laudo
960 3235 1131 3321 capiebant,
1155 3236 1270 3319 quanto
1287 3232 1385 3314 magis

316 3509 329 3561 1
355 3507 545 3560 coercerentur
564 3505 592 3557 et
615 3501 642 3555 A
744 3498 761 3551 3
783 3511 931 3565 marsupm
948 3509 1008 3548 cum
1032 3492 1100 3562 patr.
1124 3491 1152 3543 A
1254 3489 1272 3542 4
1299 3486 1386 3541 decem

263 3608 347 3662 usque
366 3591 400 3645 ad
417 3592 445 3646 B
461 3595 525 3645 m.1
618 3584 768 3642 53313133
785 3599 850 3637 num
869 3581 942 3636 curia
958 3580 986 3634 A
1081 3579 1217 3631 63331313
1235 3599 1261 3629 u
1279 3577 1388 3631 breuem

264 3677 292 3734 A
394 3677 409 3730 7
434 3677 464 3730 13
486 3673 619 3730 lustrandi
642 3672 671 3726 A
699 3668 854 3725 illustrandi
876 3667 905 3722 B
1007 3663 1183 3718 8333331333
1206 3661 1234 3715 Β
1250 3664 1319 3714 aaz

265 3768 282 3820 9
300 3762 395 3820 sudore
412 3787 439 3816 33
456 3763 548 3830 itaque
564 3760 593 3814 A
695 3756 729 3811 10
746 3753 937 3823 rempublicam
955 3773 968 3802 e
986 3766 1058 3805 nunc
1075 3749 1102 3802 A
1206 3747 1239 3803 12
1256 3748 1389 3800 insanam

266 3851 365 3906 accitas
382 3849 411 3903 A
513 3847 668 3916 aegestuosa
691 3858 721 3897 ac
739 3841 887 3895 medicante
903 3839 929 3892 A
1035 3836 1067 3891 13
1085 3838 1157 3889 31333
1174 3860 1187 3888 s
1204 3834 1272 3888 tales
1292 3831 1320 3885 A

267 3938 301 3993 15
323 3932 547 4005 contempnebant
564 3934 629 3986 1333
652 3930 680 3984 Β
784 3927 816 3982 16
840 3924 900 3994 ego]
919 3939 981 3994 ergo
1000 3924 1028 3977 A
1130 3922 1223 3990 loquor
1239 3945 1266 3972 e·
1283 3914 1390 3986 imperii

266 4025 293 4078 A
380 4024 412 4078 18
424 4020 545 4092 publicas
557 4033 619 4087 opes
630 4017 658 4071 B
671 4017 708 4084 (31
719 4012 860 4080 Halmius)
947 4007 1119 4064 conferebant
1127 4033 1167 4061 m
1175 4007 1281 4062 diuitiis
1292 4004 1321 4057 A

267 4112 301 4166 ab
318 4109 423 4180 publice
440 4109 467 4162 A
559 4100 728 4158 utilitatibus
748 4099 777 4153 A
793 4097 841 4153 aad
857 4096 894 4151 bu
906 4102 1003 4165 parcat.
1098 4094 1132 4149 25
1151 4094 1207 4149 uim
1225 4088 1336 4145 uirtutis
1354 4103 1390 4142 33

267 4198 324 4251 uim
341 4195 429 4250 uirtus
446 4193 474 4247 B
491 4207 561 4247 corr.
579 4206 614 4244 m.
632 4192 652 4243 2
754 4189 872 4254 nuquam
890 4182 937 4237 aed
955 4198 972 4237 n
987 4186 1085 4252 punct.
1104 4181 1131 4234 B
