3076 4764
556 274 595 327 ad
612 273 788 328 ecclesiam
810 273 1000 339 11922-26.
1279 275 1354 342 253·

213 462 385 529 deuotiores
419 480 486 529 esso
518 480 573 528 nos
611 463 754 528 dominus
791 463 851 529 sibi
888 467 980 543 uelit,
1017 466 1091 546 quia
1127 464 1208 531 tam·
1226 484 1340 550 magno

213 568 409 634 deuotionem
442 568 581 633 nostram
615 569 715 650 pretio
750 569 942 650 conparauit.
974 571 1004 633 et
1039 567 1109 632 ideo
1140 567 1341 635 beatissimus

212 670 331 736 Paulus
366 671 454 754 quis
488 688 593 756 ergo,
626 671 746 753 inquit,
782 688 849 736 nos
882 669 1091 755 separabit
1122 670 1340 738 ecaritate

212 773 386 840 Christi?
419 774 636 840 tribulatio
670 791 720 839 au
752 774 940 857 angustia
968 792 1012 840 au
1043 774 1270 857 persecutio
1293 794 1337 841 an

189 876 336 943 stamas
371 893 417 942 au
450 877 613 942 nuditas
647 894 692 941 an
724 877 946 959 periculum
978 895 1030 943 ou⁴
1059 876 1241 961 gladius?
1277 896 1341 944 uon

212 979 369 1060 apostolus
401 979 500 1045 solam
534 980 698 1064 pecuniam
727 998 785 1047 uec
813 983 894 1046 solas
923 979 1030 1046 deberi
1058 979 1187 1045 anobis
1209 981 1338 1048 diuitias

211 1085 267 1148 deo
296 1082 384 1167 dicit,
412 1084 466 1150 sed
495 1084 732 1151 tribulationem
759 1084 939 1170 angustiam
968 1086 1086 1150 famem
1105 1082 1245 1167 gladium
1266 1103 1339 1167 pas·

211 1186 332 1250 sionem
372 1186 555 1253 effusionem
598 1187 759 1270 sanguinis
796 1187 919 1252 animae
961 1187 1166 1253 exalaticuem
1201 1191 1337 1254 mortem

211 1288 344 1372 denique
377 1292 463 1356 omni
491 1308 659 1373 poenarum
691 1308 803 1374 genere
830 1290 1005 1355 conditam:
1041 1292 1123 1355 uude
1151 1289 1337 1373 intellegant

177 1409 317 1458 noomnes
350 1392 489 1475 religiosi
519 1412 580 1459 non
610 1394 686 1458 satis
708 1411 741 1459 se
771 1391 826 1458 deo
854 1392 992 1469 reddere,
1013 1393 1148 1459 ‚etiamsi
1176 1395 1337 1459 uniuersas

211 1493 354 1559 dederint
375 1497 551 1575 facultates,
574 1496 648 1579 quia
670 1496 743 1560 licet
765 1514 821 1560 soa
843 1495 956 1559 cuncta
979 1494 1167 1577 dispensent,
1197 1496 1280 1579 ipsos
1303 1514 1337 1561 se

210 1597 316 1663 mmen
339 1599 462 1664 debent.
493 1602 525 1665 et
544 1601 623 1679 ideo,
647 1599 730 1665 sicut
745 1619 839 1683 supra
854 1599 955 1664 dicare
972 1617 1178 1682 desperamus,
1200 1599 1226 1664 si
1241 1595 1402 1668 uidua26’.

210 1704 258 1764 est
280 1702 456 1784 quaepiam,
486 1721 680 1787 nequaquam
708 1702 769 1768 sibi
792 1701 935 1767 sufficere
956 1703 1001 1766 ad
1019 1705 1178 1768 aeternam
1200 1701 1336 1768 salutem

209 1823 321 1870 nomen
355 1805 520 1871 uiduitatis
548 1808 648 1890 putet,
683 1805 737 1872 sed
767 1807 873 1871 uideat
902 1808 1024 1888 qualem
1054 1823 1119 1870 esse
1142 1806 1173 1869 in
1196 1806 1337 1887 apostolo

176 1908 339 1973 uuiduam
361 1911 436 1972 deus
459 1908 568 1975 iubeat
590 1910 713 1974 dicens:
748 1927 847 1992 quae
869 1928 960 1972 uere
983 1909 1105 1974 uidua
1125 1914 1198 1986 est,
1228 1910 1336 1974 deso-

209 2013 294 2077 lata
314 2012 448 2091 speret
470 2011 508 2075 in
531 2013 704 2093 domino,
736 2012 862 2076 instat
885 2011 1133 2077 orationibus
1156 2017 1272 2077 nocte
1293 2029 1336 2076 ao

210 2113 287 2194 die;
316 2134 403 2180 uam
426 2133 522 2196 quae
545 2117 583 2180 in
608 2115 771 2179 deliciis
795 2115 897 2197 agit,
927 2115 1067 2179 uiuens
1090 2118 1240 2179 mortua
1264 2119 1332 2180 est.

208 2235 270 2283 uuo
293 2217 460 2301 eodemque
487 2220 652 2300 praecepto
676 2218 752 2281 duas
775 2217 934 2299 apostolus
958 2216 1072 2281 formas
1095 2216 1259 2281 uiduitatis
1283 2237 1334 2281 er·

208 2320 332 2403 pressit,
354 2339 451 2385 unam
474 2321 559 2384 uitae
582 2321 715 2384 alteram
738 2317 865 2384 mortis:
888 2318 919 2382 in
929 2319 1054 2383 deliciis
1071 2324 1204 2385 mortem
1219 2320 1333 2400 posuit.

173 2441 281 2507 soergo
298 2423 417 2505 absque
439 2423 533 2488 dubio
556 2423 689 2488 diuitem
705 2440 771 2486 esse
793 2438 855 2485 nou
877 2420 948 2486 uult
964 2438 1057 2503 quam
1073 2421 1249 2486 deliciosam
1265 2440 1335 2486 esse

207 2544 269 2590 nou
292 2525 420 2608 patitur,
443 2525 517 2609 quia
539 2527 639 2590 omnis
662 2525 781 2590 fructus
804 2523 989 2589 diuitiarum
1010 2524 1043 2588 iu
1061 2543 1120 2589 usu
1143 2526 1193 2590 est
1213 2524 1335 2607 positus

208 2629 404 2704 deliciarum
435 2629 552 2710 alioqui
581 2633 700 2693 remoto
730 2646 789 2692 usu
818 2628 1000 2694 deliciarum
1023 2645 1131 2692 causae
1154 2645 1253 2709 opum.
1271 2647 1348 2694 uon.

207 2733 435 2813 relinquuntur.

250 2868 322 2934 VII.
355 2867 432 2935 Cum
462 2870 567 2952 itaque
594 2871 754 2953 apostolus
781 2869 813 2935 iu
836 2868 955 2935 deliciis
977 2868 1089 2934 uiduae
1112 2868 1246 2933 mortem
1268 2887 1333 2934 esse
1342 2848 1399 2943 2611

172 2973 438 3051 umemorauerit,
468 2974 648 3056 promptum
677 2974 724 3037 est
753 2973 834 3054 quod
856 2975 894 3038 ad
917 2973 1001 3037 uitae
1031 2971 1173 3037 aeternae
1195 2972 1332 3037 fructum

206 3077 278 3141 uult
304 3074 451 3140 uniuersa
478 3074 637 3155 distribui,
669 3076 722 3158 qui
745 3095 806 3140 nou
828 3076 898 3140 uult
921 3074 1090 3140 admontis
1113 3093 1204 3140 usum
1228 3075 1334 3159 aliqua

206 3180 367 3244 reseruari.
406 3183 437 3244 et
459 3180 528 3246 ideo
551 3180 642 3263 dicits
671 3198 765 3263 quae
787 3198 877 3246 nere
900 3179 1023 3245 uidua
1044 3181 1119 3258 est,
1150 3181 1334 3246 desolata

208 3285 348 3364 sperat
369 3283 407 3347 in
431 3285 600 3367 domino,
632 3284 744 3349 docens
768 3283 894 3348 'scilicet
915 3300 1026 3364 parum
1049 3300 1125 3362 esse,
1156 3285 1182 3348 si
1205 3281 1333 3346 nonsit

307 3496 325 3548 3
350 3494 425 3548 Rom.
444 3495 468 3561 8,
487 3495 521 3548 35
625 3495 657 3549 15
681 3495 696 3548 Ι
713 3493 783 3547 Tim.
800 3496 825 3560 5,
843 3497 860 3549 5

255 3687 390 3756 2praetio
407 3688 435 3741 A
520 3687 650 3757 3iuquid
667 3688 694 3742 Β
780 3688 899 3743 biames
919 3704 952 3742 ex
970 3688 1048 3742 lamis
1066 3705 1135 3744 corr.
1151 3707 1185 3744 m.
1200 3695 1218 3744 2
1236 3691 1264 3744 A

204 3775 220 3827 6
243 3774 365 3842 apostulo
390 3775 417 3826 A
520 3773 553 3826 17
576 3773 676 3827 diliciis
700 3774 728 3828 A
757 3772 882 3830 dilicitiis
905 3775 933 3828 Β
1038 3775 1071 3829 19
1084 3781 1148 3843 post
1166 3779 1260 3831 mortis
1278 3792 1330 3833 occ.

203 3875 237 3916 aa.
256 3859 323 3914 add.
340 3867 372 3914 od
395 3860 423 3917 A
449 3914 451 3917 ,
530 3859 635 3913 deliciis
654 3876 688 3915 eor
705 3860 805 3915 diliciis
823 3863 867 3928 (ut
880 3861 968 3930 puato
988 3867 1048 3930 post
1071 3862 1241 3930 deliciosam,
1264 3864 1333 3919 deli-

204 3946 314 4010 ciarum)
339 3947 504 4002 corr.·m.2
529 3945 557 3998 A
659 3945 691 4002 21
720 3962 810 4002 omnes
837 3947 864 4000 Β
967 3948 1000 4002 22
1027 3948 1146 4017 alioquin
1170 3965 1203 4003 en
1229 3951 1331 4019 alioqui

204 4048 274 4087 corr.
292 4048 326 4086 ma
341 4034 364 4086 *2
381 4032 409 4084 A
484 4080 488 4089 ‚
510 4031 545 4084 37
568 4030 727 4086 dillciarum'.
743 4033 800 4088 AB
821 4038 919 4087 contra
942 4035 1034 4088 statim
1058 4033 1161 4088 deliciis
1179 4052 1213 4091 ecc
1231 4036 1331 4092 diliciis

203 4120 304 4173 iterum
321 4133 391 4173 corr.
409 4120 475 4172 Μ
492 4117 518 4169 A
608 4117 643 4172 25
660 4122 813 4187 promptum
831 4135 865 4173 en
883 4123 1041 4187 promptum
1058 4136 1127 4176 corr.
1147 4127 1211 4175 mol
1227 4128 1260 4176 ot
1272 4123 1331 4178 aid.

203 4204 231 4256 A
247 4219 281 4257 aa.
299 4206 318 4258 2
336 4203 363 4257 Β
467 4202 499 4255 27
519 4203 649 4257 reseruari
668 4219 701 4257 ea
721 4219 761 4257 -ce
778 4220 847 4260 corr.
867 4221 899 4258 m.
918 4208 938 4261 2
956 4206 984 4259 Β
