3076 4764
252 222 312 289 106
736 219 896 275 Snlnieni

248 407 463 476 Romanorum
479 409 616 477 offendet
637 410 732 476 deum
753 409 830 494 nite,
854 428 926 492 pens
950 410 982 474 et
1003 407 1191 475 infidelitate
1206 411 1325 494 periton
1347 417 1380 475 et

249 515 325 587 nite,
349 513 436 579 saluo
459 532 503 592 eo,
526 514 608 596 quod
631 513 727 579 etiam
749 513 835 596 ipsse
850 513 1005 596 qnondam
1019 513 1159 580 haeresos
1174 515 1377 581 barmrornm

249 615 287 683 do
308 615 440 683 Romani
469 618 642 701 magisterii
671 618 831 701 pronitate
860 618 1027 694 fluxorunt,
1061 636 1099 683 ac
1123 618 1252 702 perinde
1281 617 1378 686 etism

250 719 310 786 hoc
330 724 473 786 nostrum
506 720 626 788 crimen
648 722 706 800 ost,
740 721 821 802 qood
855 721 962 804 populi
996 720 1198 789 bsrtnrorum
1230 720 1379 788 heorotici

251 840 318 896 osse
340 827 517 906 coeperunt.
1398 844 1414 891 s

200 960 240 1027 15
292 958 372 1027 1111.
406 959 501 1024 Porro
524 963 629 1024 antem
660 962 813 1042 qnantum
841 962 881 1026 cd
906 959 1183 1026 consociationem
1205 961 1379 1030 Gothorum

246 1063 306 1127 ‘ent
327 1063 557 1129 Wandalorum
579 1063 724 1146 pertinet,
748 1064 822 1146 qnid
843 1066 893 1128 est
915 1065 948 1128 in
964 1081 1024 1146 qno
1045 1064 1093 1130 cis
1115 1065 1171 1129 cut
1192 1083 1380 1149 pmeponere

250 1181 306 1230 nos
328 1168 383 1231 ent
406 1165 503 1232 etism
526 1183 706 1250 comparare
728 1167 907 1250 possimne?
928 1185 965 1233 oo
986 1166 1126 1249 primum
1149 1171 1185 1233 nt
1207 1168 1245 1232 dc
1268 1167 1380 1234 effectu

233 1273 284 1334 'ct
305 1271 436 1336 cennos
463 1270 577 1349 dicam,
604 1289 698 1353 qnam
726 1271 926 1353 puccipuann
949 1271 1093 1336 dominon
1116 1274 1204 1337 dccet
1225 1290 1291 1338 csse
1313 1271 1379 1336 nir-

251 1375 353 1439 tntem
376 1377 408 1439 et
428 1390 526 1456 qoem
547 1389 610 1438 non
639 1374 741 1439 solnm
771 1392 827 1456 pon
854 1390 964 1439 omnes
985 1375 1156 1458 coniptnres
1177 1392 1295 1456 sacros,
1325 1374 1415 1440 sedne

252 1477 347 1543 etiem
370 1494 425 1560 per
440 1494 473 1541 sc
488 1477 556 1561 ipse
571 1478 770 1544 commendat
791 1477 912 1543 dicens:
935 1478 975 1543 in
990 1479 1066 1544 ‘hoc
1087 1478 1258 1557 scietur,
1280 1481 1380 1562 qnod

252 1580 443 1664 discipuli
464 1581 540 1645 mci
564 1582 682 1664 cetis,
705 1583 738 1646 si
760 1597 827 1645 nos
849 1580 1022 1646 innicom
1048 1581 1250 1666 diligatis:
1273 1598 1383 1647 omnes

252 1699 284 1749 so
305 1684 371 1749 fere
392 1683 525 1764 barbari,
557 1684 611 1766 qni
633 1683 724 1750 modo
750 1688 826 1749 sunt
847 1685 941 1750 nnius
967 1684 1073 1768 gentis
1095 1687 1127 1750 et
1147 1685 1239 1769 rogis,
1269 1688 1382 1750 mutuo

204 1786 242 1852 16
253 1788 378 1868 ament,
409 1803 515 1851 omncs
544 1802 642 1870 paene
668 1787 802 1852 Romani
830 1805 864 1853 sc
893 1790 1003 1853 mutuo
1032 1792 1272 1871 persequuntur.
1309 1787 1379 1869 quis

254 1889 338 1954 onim
362 1889 439 1954 ciuis
458 1907 523 1955 non
545 1890 667 1955 inuidet
691 1891 777 1956 ciui?
798 1890 867 1974 quis
889 1892 1015 1974 plenam
1037 1891 1141 1957 uicino
1152 1891 1282 1975 exhibet
1300 1891 1416 1959 cari-m

255 1994 377 2059 totoni?
410 2011 517 2059 omnes
539 1995 652 2077 quippo
673 2011 691 2059 a
713 2011 755 2073 so,
780 1995 838 2082 etsi
862 1995 927 2060 loco
949 2014 1010 2061 non
1033 1998 1157 2078 absunt,
1184 1995 1300 2062 nffeotn
1324 1995 1380 2061 cb-

256 2099 342 2176 ennt,
364 2097 424 2162 etsi
446 2097 642 2163 hetitntionc
664 2097 848 2180 iunguntur,
871 2101 976 2165 monto
998 2099 1146 2166 disiuncti
1168 2107 1251 2167 sont.
1287 2101 1382 2184 atqnc

254 2201 377 2266 utinam
399 2202 469 2286 hoo,
492 2201 568 2268 licet
589 2201 631 2267 cit
652 2203 825 2286 pessimum
847 2203 978 2283 malum,
1001 2203 1124 2269 utinam
1147 2203 1231 2270 cinos
1248 2205 1381 2270 ‘tantum

168 2342 170 2347 -
255 2308 349 2386 atquo
382 2303 494 2371 nicini:
527 2305 607 2371 illud
629 2308 679 2396 ost
706 2308 844 2389 grentio,
879 2307 961 2390 quod
983 2307 1041 2372 nec
1069 2308 1235 2391 propinqui
1254 2305 1381 2391 quidem

163 2482 166 2491 ¹
212 2396 216 2439 ³
254 2407 498 2491 propinquitatis
530 2409 600 2475 inno
634 2413 829 2476 conseruent.
868 2411 938 2497 qnis
967 2411 1051 2475 enim
1080 2419 1113 2475 ss
1142 2408 1289 2493 proximis
1316 2411 1420 2474 suisio

161 2495 164 2505 ’
254 2511 430 2592 ploximum
452 2509 578 2577 reddit?
600 2511 670 2595 quis
689 2512 786 2578 soluit
812 2511 937 2579 ceritati
960 2513 1041 2597 quod
1057 2531 1091 2597 se
1105 2514 1249 2598 agnoscit
1270 2514 1381 2580 debere

254 2613 305 2677 nol
339 2613 484 2679 nomini?
517 2615 587 2696 quis
617 2617 666 2680 cst
694 2616 753 2681 hoo
782 2616 897 2695 enimc,
929 2619 1010 2699 qnod
1031 2617 1186 2681 nocetur?
1219 2617 1288 2700 qnis
1311 2616 1382 2682 tom

254 2716 455 2797 propinquus·
474 2718 567 2782 cordo
597 2735 691 2800 quam
721 2721 888 2801 sangnine,
916 2719 950 2784 in
973 2737 1033 2803 qno
1054 2737 1117 2784 non
1147 2717 1268 2785 luridus
1290 2718 1381 2786 mcli-

256 2817 412 2883 uolontieo
432 2819 517 2884 nolus
541 2821 639 2904 cndot
661 2821 753 2886 cuius
767 2840 829 2887 non
844 2841 970 2888 sensnm
991 2821 1073 2888 liuor
1095 2821 1223 2903 inuasit,
1247 2821 1297 2888 cui
1320 2839 1382 2887 non

255 2920 444 3002 prosperitas
473 2923 578 2989 eiicnc
607 2923 796 3008 supplicium
827 2928 901 2991 esti
934 2925 1004 3007 quis
1030 2942 1092 2990 non
1112 2925 1229 2991 tonum
1252 2925 1420 2992 alteriusm

254 3024 375 3090 malum
406 3043 498 3092 ennon
529 3027 653 3093 credito
682 3028 734 3094 cni
756 3028 802 3095 ite
823 3026 940 3094 sufficit
969 3026 1199 3109 deliciosius,
1229 3031 1266 3093 ut
1288 3028 1384 3095 etiem

358 3260 388 3314 11
415 3257 474 3314 Ioh.
494 3257 536 3322 13,
554 3257 588 3314 35

308 3477 321 3530 1
341 3476 441 3544 paritor
460 3476 519 3530 nito
536 3471 565 3530 B
650 3476 667 3530 2
684 3477 741 3545 ipse
759 3477 818 3544 (eod
833 3493 854 3531 c.
873 3489 955 3530 socr.
973 3477 1000 3543 s)
1018 3475 1151 3544 qnondam
1169 3475 1270 3530 heresis
1288 3475 1316 3528 A

255 3561 272 3614 3
290 3561 374 3615 dunen
395 3563 460 3630 (onds
473 3562 489 3575 ”
510 3577 545 3616 oc·
558 3567 644 3631 porto
661 3578 730 3618 oreo.
748 3568 775 3617 et
792 3562 858 3616 cdd.
875 3576 909 3616 m.
928 3564 948 3616 2
966 3561 990 3615 it
1006 3562 1035 3615 A
1138 3561 1248 3630 proinde
1266 3561 1384 3617 nectere

255 3649 351 3702 doctos
456 3649 489 3702 13
512 3648 583 3702 forro
605 3648 652 3704 ott.
670 3656 795 3718 rptmct.
817 3648 846 3702 A
947 3647 1006 3716 qui]
1029 3661 1096 3715 quo·
1119 3649 1201 3714 (aas.
1223 3651 1256 3702 od
1276 3647 1336 3702 oid.
1356 3647 1384 3712 d)

255 3733 284 3786 A
374 3735 460 3804 sigini
472 3735 507 3790 in
524 3735 572 3802 fin.
590 3750 604 3789 o
620 3750 656 3789 m.
673 3750 726 3790 rec.
745 3734 810 3789 cdd.
828 3735 855 3788 A
954 3733 988 3787 14
1005 3749 1033 3788 se
1050 3734 1078 3787 A
1094 3738 1161 3789 Μ
1177 3749 1198 3790 o.
1217 3735 1236 3790 t.
1327 3748 1384 3804 por·

257 3821 383 3874 ceonntnn
406 3819 434 3873 B
468 3831 472 3836 ’
536 3819 596 3888 quis
614 3819 686 3875 onim
701 3821 809 3888 plenem
827 3816 856 3874 Β
958 3819 990 3872 21
1016 3819 1130 3873 ocnitntc
1151 3822 1179 3873 A
1281 3820 1316 3874 22
1340 3819 1384 3874 nel

256 3904 288 3960 tc
305 3905 333 3959 A
346 3920 419 3960 vnce.
436 3905 486 3959 cod
499 3907 543 3960 ito
558 3910 590 3961 cet
606 3906 699 3961 adduco
716 3901 873 3976 depoposcit
976 3905 1084 3960 nomino
1106 3907 1134 3958 A
1156 3906 1222 3972 fort.
1243 3912 1317 3962 necto

255 3991 306 4046 hoc
324 3994 365 4046 eet
383 3991 411 4044 B
511 3991 583 4063 quic]
603 4004 669 4061 qnos
686 3993 715 4046 A
731 4005 753 4047 o.
770 3997 822 4047 nor.
840 3993 850 4045 i
866 3992 936 4049 onst
1036 3991 1073 4046 ‘23
1090 3991 1195 4047 luridus
1213 3993 1245 4048 cit
1262 3994 1318 4046 AB
1335 3993 1385 4048 no

256 4079 318 4134 meo
334 4077 477 4132 dioinooit
494 4078 698 4134 Riderohoociuc
715 4078 828 4143 (liuidus
845 4072 917 4148 rell.)
1016 4079 1051 4133 24
1069 4079 1122 4149 cui]
1142 4079 1217 4133 cnido
1236 4080 1263 4134 A
1282 4081 1388 4149 (ortum

257 4180 291 4220 ex
308 4163 429 4220 anteced.
447 4162 534 4232 cuins)
638 4164 671 4218 26
688 4165 729 4234 nt]
748 4167 797 4219 ent
812 4170 908 4234 pooiet.
925 4179 942 4219 n
958 4167 986 4218 A
1015 4171 1020 4183 ·
1091 4193 1093 4196 -
1368 4179 1369 4182 ’
