3076 4764
1251 225 1302 283 XV·

207 411 368 491 'Oodicis
402 415 439 489 b·
458 426 502 488 ut
534 413 652 489 multo
688 413 840 489 minoris
874 407 981 513 pretii
1015 426 1050 490 et
1081 441 1149 513 per
1182 418 1301 491 uarias

170 531 441 610 uicissitudines
480 536 531 609 ab
554 533 720 609 illorum
760 534 858 608 fonte
901 530 1058 609 deriuati
1098 535 1300 635 scripturas

171 656 326 755 carptim
366 639 510 729 tantum
538 655 751 746 memorari,
793 655 936 730 scilicet
969 656 1035 731 ubi
1071 646 1187 754 (quod
1213 680 1303 730 sane

170 801 255 851 raro
289 775 491 868 admodum
525 774 661 877 euenit)
684 787 761 876 ⁴aut
792 774 892 863 solus
920 777 1121 875 genuinam
1148 802 1302 853 manum

171 895 333 971 seruauit
369 885 437 968 aut
476 887 559 969 oum
595 881 759 970 ‘editione
785 884 1063 986 Baluziana,
1105 898 1164 971 cui
1204 909 1301 974 certe

92 1084 94 1091 ,
170 1041 307 1113 magna
335 1027 508 1114 exparte
540 1042 609 1115 pro
648 1016 886 1092 fundamento
927 1018 1039 1093 luisse
1066 1029 1208 1093 certum
1235 1030 1298 1112 est,

172 1136 353 1241 congrunt:
367 1147 432 1236 aut
446 1136 616 1235 donique
643 1137 811 1212 editionis
837 1139 1016 1239 principis
1043 1139 1300 1214 auctoritatem

172 1282 260 1331 sane
287 1256 454 1352 exiguam
481 1281 618 1354 augere
644 1254 852 1338 uidebatur.

222 1428 428 1502 Instructus
456 1427 570 1526 igitru
595 1428 653 1502 his
679 1427 814 1502 talibus
840 1428 1014 1504 subsidiis
1038 1429 1173 1504 criticis
1193 1433 1301 1528 (quo-

171 1573 253 1621 rum
280 1547 373 1646 ‘quis
400 1548 468 1622 scit
494 1574 540 1621 an
558 1548 718 1622 adiciant
743 1547 943 1623 hodiernae
962 1549 1118 1623 crastina
1136 1576 1302 1625 summae

173 1666 210 1740 di
236 1666 386 1766 superi’)
420 1667 583 1742 Saluiani
609 1667 785 1766 opuscula
812 1679 896 1767 post
921 1667 1104 1766 insignem
1132 1669 1301 1746 Oaroli

171 1787 354 1861 Halmii
380 1814 531 1888 operam
549 1788 693 1863 auctori
714 1789 752 1861 in
772 1789 941 1879 editione,
971 1815 1046 1887 qua
1064 1791 1300 1866 Monumenta

173 1906 393 1983 Germaniae
433 1908 608 2004 historica
644 1907 819 2009 (Berolini
856 1905 972 2014 1877)
1009 1909 1216 1984 felicissime
1253 1923 1299 2003 et,

171 2026 276 2100 utin
303 2027 369 2101 tali
396 2025 485 2104 uir'o‘
504 2029 690 2130 expectari
715 2030 836 2131 potuit
860 2043 896 2105 et
913 2031 1051 2125 debuit,
1080 2021 1301 2131 peritissime

172 2147 385 2247 auspicatus
412 2159 477 2239 est,
503 2161 681 2223 nauatam
708 2148 926 2225 adornanda
952 2153 1108 2250 suscepi.
1176 2169 1178 2177 ’

223 2320 347 2418 Atque
382 2321 413 2392 si
447 2345 533 2392 non.
560 2330 615 2394 est
651 2319 752 2418 quod
784 2323 975 2421 desperem
1000 2321 1080 2396 fore
1105 2334 1148 2395 ut
1174 2321 1301 2419 aequis

171 2439 429 2538 beniuolisque
466 2439 649 2515 iudicibus
690 2466 799 2540 opera
837 2467 920 2514 mea
961 2440 1302 2540 quantulacumque

172 2571 256 2658 post
282 2572 360 2634 tam
381 2560 539 2658 insignis
555 2560 642 2634 uiri
668 2561 920 2638 recensionem
947 2563 995 2636 ad
1022 2573 1210 2638 auctorem
1237 2562 1302 2636 ali·

172 2707 285 2779 quam
324 2680 450 2754 multis
488 2680 578 2756 locis
616 2682 673 2757 sui
708 2683 922 2768 similiorem
958 2682 1190 2765 reddendum
1225 2708 1301 2755 non

172 2799 263 2875 nihil
290 2800 635 2876 attulisseuidsarr
660 2800 789 2876 ‘totum
824 2803 987 2876 muneris
1015 2803 1086 2877 hoc
1113 2801 1176 2877 est'
1206 2801 1302 2876 Aca·

174 2921 315 2995 demiae
350 2920 629 3018 inlustrissimas
660 2919 971 3016 Vindobonensis,
1009 2947 1101 3020 quae
1136 2921 1299 2996 subsidia

173 3041 300 3115 critica
342 3038 534 3139 singulari
548 3038 549 3043 ’
563 3033 784 3132 liberalitate
802 3099 805 3131 2
821 3026 860 3118 ¹et
904 3041 1169 3119 officiosissime
1209 3041 1300 3116 mihi

173 3160 473 3260 suppeditauerit,
489 3160 655 3236 uirorum
668 3163 974 3264 doctissimorum,
983 3163 1172 3264 ¹quos-iam
1187 3189 1300 3262 supra

172 3293 215 3354 ut
241 3281 379 3381 optime
406 3281 451 3356 de
478 3282 608 3372 studiis
635 3283 742 3359 hisce.
752 3283 903 3370 meritos
929 3283 1091 3376 laudaui,
1118 3284 1156 3357 in
1172 3284 1301 3383 primis

173 3427 262 3476 uero
303 3400 480 3497 Guilelmi
519 3403 731 3478 Hartelii
768 3403 1079 3488 Vindobonensis,
1122 3404 1187 3502 qui
1224 3430 1302 3478 non

174 3520 293 3596 solum
332 3522 371 3595 in
407 3521 569 3622 plagulis
603 3522 849 3620 corrigendis·⁴
865 3533 1008 3621 sponte.
1032 3547 1092 3597 me
1127 3522 1301 3598 adiuuare

174 3640 240 3716 sed
266 3642 374 3716 etiam
400 3642 597 3718 haesitanti
623 3642 807 3743 dubitanti
835 3644 971 3717 erranti
996 3667 1078 3742 quo⁴
1091 3653 1147 3718 est
1163 3641 1302 3740 ingenii

173 3762 353 3856 acumine,
391 3788 465 3861 qua
500 3762 724 3862 scriptorum
756 3756 1095 3838 ecclesiasticorum
1114 3757 1301 3848 familiari·

172 3893 260 3974 tate,
301 3909 376 3980 qua
416 3883 573 3981 denique
599 3865 787 3982 propensa
821 3883 860 3958 in
894 3910 955 3958 me
990 3865 1179 3958 uoluntate
1216 3909 1302 3958 cum

173 4001 488 4077 admonitionibus
520 4014 601 4076 tum
629 4003 947 4078 emendationibus
973 4003 1190 4102 gratissimis
1218 4029 1302 4078 suc·

174 4147 320 4197 currere
346 4122 515 4197 uoluerit.
