3076 4764
206 257 226 321 2
393 269 395 274 ’
439 252 595 308 Saluiani
612 251 651 306 de
668 251 804 320 gubern.
824 251 884 306 dei.
908 251 1095 306 Praefatio.

208 447 297 509 modo
320 463 355 509 ea
378 461 589 526 quaecumque
612 441 749 507 dicerent
781 442 835 506 aut
858 444 980 524 compto
1004 445 1035 506 et
1057 441 1171 506 blando
1195 441 1329 504 carmine

176 549 354 613 2canerent
387 550 442 611 aut
475 544 635 610 luculenta
668 546 804 609 oratione
839 546 1008 609 narrarent.
1048 563 1153 609 ornnes
1184 544 1267 608 enim
1297 546 1329 607 in

205 650 329 732 scriptis
363 651 427 714 suis
462 665 568 713 musas
601 649 724 712 tanturn
760 648 890 732 egerunt
918 666 990 712 suas
1012 651 1043 712 et
1065 647 1198 730 propriis
1228 646 1328 730 magis

204 752 347 818 laudibus
377 771 470 834 quarn
501 752 632 816 aliorum
655 750 849 815 utilitatibus
873 751 1065 816 consulentes
1089 769 1150 815 non
1173 750 1206 813 id
1228 749 1327 814 facere

205 857 304 921 adnisi
338 858 428 933 suut,
463 855 499 918 ut
530 854 669 918 salubres
697 870 734 917 ae
766 853 922 919 salutiferi
955 855 1008 918 scd
1032 856 1067 919 ut
1090 852 1270 918 scholastici
1292 871 1363 918 acr

204 959 313 1024 diserti
349 957 547 1023 haberentur.
582 958 688 1049 itaque
722 957 839 1042 scripta
871 977 976 1023 eorum
1005 959 1059 1021 aut
1089 957 1229 1021 uanitate
1252 956 1327 1020 sunt

204 1062 324 1127 tumida
353 1064 408 1125 aut
438 1061 586 1126 falsitate.
608 1059 750 1127 infamia.
767 1062 823 1124 aut
844 1060 1010 1127 uerborum
1033 1059 1238 1125 foeditatibus
1261 1079 1327 1125 sor-

204 1167 276 1230 dida
298 1166 352 1230 aut
374 1184 478 1229 rerum
501 1165 693 1230 obscenitate
715 1164 840 1244 uitiosa,
871 1166 907 1229 ut
929 1184 1011 1242 uere,
1042 1183 1111 1229 curn
1134 1163 1327 1247 ingeniorum

203 1269 327 1333 tantum
349 1270 479 1335 laudem'
496 1268 694 1353 aucupantes
712 1267 939 1353 tam-‘indignis
961 1266 1054 1335 rebus
1077 1286 1185 1335 curem
1200 1269 1327 1352 impen-

202 1374 318 1447 derent,
342 1390 405 1436 nen
427 1374 494 1436 tarn
516 1370 702 1437 inlustrasse
725 1371 804 1436 milri
826 1370 896 1454 ipsa
917 1372 1041 1454 ingenia
1057 1392 1150 1456 quam
1165 1371 1326 1437 damnasse
1336 1393 1361 1435 ro

171 1475 376 1545 3uideantur.
407 1476 595 1550 rosentem,
620 1477 672 1556 qui
695 1493 799 1539 rerum
814 1475 916 1559 magis
939 1495 1034 1558 quam
1057 1477 1223 1545 uerborum
1239 1495 1325 1542 ama·

200 1579 282 1643 tores
305 1578 397 1643 utilia
420 1578 525 1660 potius
549 1595 642 1660 quam
665 1578 846 1660 plausibilia
875 1579 1029 1644 sectamur
1051 1598 1151 1661 neque
1174 1580 1207 1642 id
1230 1598 1324 1660 quae·

200 1682 307 1763 rimus,
332 1684 368 1745 ut
390 1682 422 1745 in
438 1680 527 1746 nobis
542 1681 648 1747 inania
663 1682 856 1749 saeculorum
871 1686 1054 1749 ornamenta
1069 1687 1120 1748 sed
1136 1684 1171 1747 ut
1186 1682 1325 1747 salubria

201 1802 304 1848 rerum
338 1783 549 1848 emolumenta
581 1785 765 1865 laudentur,
800 1789 833 1851 in
864 1787 1098 1868 scriptiunculis
1125 1785 1240 1850 nostris
1263 1802 1324 1849 non

199 1885 352 1950 lenocinia
381 1905 448 1953 esse
479 1887 623 1953 uolumus
653 1889 707 1952 sed
737 1889 888 1966 remedia,
923 1909 1000 1972 quae
1027 1889 1151 1955 seilicet
1173 1907 1234 1953 non
1257 1892 1324 1954 tam
1334 1911 1359 1953 rs

201 1991 371 2054 otiosorum
394 1990 519 2055 auribus
542 1991 685 2084 placeant
701 2011 794 2074 quarn
809 1994 1007 2076 aegrotorum
1021 1993 1178 2058 mentibus
1193 1991 1322 2073 prosint,

199 2110 348 2176 magnum
372 2112 407 2156 ex
429 2097 559 2175 utraque
582 2113 614 2157 re
638 2094 823 2161 caelestibus
853 2097 940 2161 donis
962 2096 1102 2167 fructum
1124 2096 1323 2176 reportaturi.

167 2195 225 2267 4si
247 2197 332 2260 enim
361 2195 436 2261 haec
466 2198 550 2261 salus
580 2197 688 2262 nostra
717 2200 874 2264 sanauerit
897 2200 1096 2282 ,quorundam
1125 2218 1187 2266 non
1210 2200 1324 2266 bonam

199 2299 236 2362 de
259 2303 314 2364 deo
337 2303 444 2366 nestro
467 2301 654 2384 opinionem,
678 2301 799 2368 fructus
816 2322 878 2369 non
893 2323 1008 2385 paruus
1023 2303 1093 2384 erit,
1117 2306 1198 2385 quod
1213 2304 1322 2369 multis

196 2404 306 2484 profui.
334 2403 381 2467 sin
397 2404 501 2470 auteur
520 2404 630 2469 idnon
645 2406 832 2487 prouenerit‚
856 2408 889 2472 et
903 2407 962 2474 hoo
977 2408 1080 2492 ipsum
1094 2406 1357 2472 infructuosumro

197 2505 328 2572 forsitan
357 2525 418 2572 non
449 2509 524 2587 erit,
556 2511 636 2591 quod
667 2510 811 2592 prodesse
833 2512 998 2592 temptaui.
1035 2529 1122 2576 mens
1145 2509 1228 2574 enim
1249 2509 1320 2573 boni

196 2609 293 2673 studii
316 2628 352 2674 ac
370 2609 414 2691 pii
437 2611 514 2690 uoti,
538 2609 661 2675 etiarnsi
677 2612 823 2677 effectum
838 2630 899 2677 non
914 2613 1069 2679 inuenerit
1085 2614 1187 2693 ccepti
1209 2612 1319 2694 operis,

195 2710 288 2777 habet
311 2714 416 2776 tamen
439 2714 613 2794 praemium
635 2704 817 2778 uoluntatis.
855 2715 929 2780 hinc
952 2733 1024 2797 ergo
1046 2714 1157 2780 ordiar.

1257 2889 1262 2917 l

247 2948 469 3003 letPo'tloocas:
488 2952 536 3003 aut
554 2950 582 3003 Β
673 2951 821 3005 bsalubris
840 2952 867 3004 Β
947 2952 1252 3016 nominasses

193 3033 301 3101 ingenio
324 3034 351 3086 Β
375 3050 396 3089 s.
415 3051 466 3089 scr.
484 3052 500 3089 e
519 3040 587 3092 m.1
690 3037 724 3090 14
746 3038 892 3091 laudantur
915 3039 943 3091 Β
963 3054 983 3092 s.
1004 3055 1019 3092 a
1037 3040 1143 3110 mediae
1160 3040 1218 3110 sptl.
1237 3055 1287 3094 scr.
1306 3056 1319 3094 e

192 3135 226 3171 m.
246 3121 266 3173 2
369 3121 402 3175 18
426 3120 470 3175 hic
494 3122 521 3174 Β
624 3123 659 3176 20
683 3124 734 3192 sin]
757 3112 821 3178 dioc
837 3123 936 3194 incipit
952 3125 989 3191 A,
1006 3127 1055 3180 scd
1072 3126 1127 3181 duo
1140 3127 1235 3196 primo
1250 3128 1320 3194 folio

193 3206 320 3261 matthie
338 3212 404 3262 suat
421 3208 561 3278 multoque
578 3210 692 3278 iusuper
709 3209 741 3264 ta
760 3202 858 3267 cadem
878 3218 903 3266 et
920 3213 952 3267 c'o
969 3212 1046 3278 foliis
1058 3217 1083 3266 4.
1097 3216 1122 3268 5.
1135 3217 1159 3268 6.
1177 3219 1201 3268 8.
1219 3219 1236 3268 9
1255 3215 1318 3269 aliis

192 3297 242 3347 aar
260 3299 437 3349 cadauerum
455 3299 504 3349 cat
521 3295 573 3365 lepc'
590 3311 648 3350 aaa
665 3297 720 3351 iam
734 3302 864 3367 pererro&
882 3314 952 3368 qaae
969 3300 1063 3353 corato
1080 3300 1217 3355 asteriscis
1227 3301 1317 3371 sipon

191 3379 283 3434 cimas
383 3381 417 3436 21
437 3379 553 3435 forsitan
571 3380 714 3436 Halmius:
733 3383 837 3439 'lortita
853 3385 881 3437 A
907 3385 1002 3441 saltem
1020 3386 1047 3438 Β
1151 3386 1317 3455 prodssmens

190 3465 219 3518 A
323 3467 356 3521 22
375 3469 488 3537 operis„
502 3467 653 3538 'praemium
670 3470 698 3522 A
801 3469 835 3524 23
852 3469 971 3524 exordiar
988 3472 1030 3540 B;
1043 3460 1045 3465 ’
1053 3477 1118 3541 port
1136 3473 1225 3527 ordiar
1242 3474 1273 3528 ia
1291 3474 1318 3528 A

189 3551 256 3607 baec
274 3558 314 3607 est
330 3555 490 3625 ioscrtpto'o:
512 3568 549 3608 nn
566 3568 648 3631 uusno
665 3563 714 3608 nni
731 3571 795 3610 rna*
807 3556 875 3623 (fait
885 3548 1029 3627 praesenti)
1046 3556 1154 3613 iudicio.
1179 3559 1317 3628 Incipiunt

191 3636 293 3706 dialogi
306 3639 479 3708 disputantis,
499 3657 569 3712 quae
580 3641 641 3703 siae
653 3640 735 3696 dabie
748 3642 785 3696 od
796 3643 895 3698 lobrwm
908 3634 1073 3714 [spectans
1081 3647 1190 3714 parter
1201 3647 1317 3702 librario

192 3722 304 3780 aanor
321 3741 353 3781 aa
371 3727 415 3781 lib.
435 3726 476 3781 Π
492 3732 507 3782 1
525 3729 574 3794 sto.
593 3729 683 3784 altero
699 3728 857 3796 incipero:
884 3746 920 3784 nn
938 3746 1157 3803 cuenuunuroun
1174 3749 1222 3789 nur
