3076 4764
528 260 566 315 de
584 259 722 330 gubern.
740 260 794 314 dci
817 259 857 315 VI
880 263 895 325 ἕ
912 259 1005 317 8-1a
1268 263 1327 330 127

206 467 279 516 aero
296 467 448 532 umquam
470 449 538 516 fieri
560 448 692 516 debcant
713 468 793 534 quae
816 451 907 515 deum
930 452 1064 529 laedant,
1087 452 1143 516 aut
1157 449 1227 516 ideo
1249 469 1326 535 quae

205 552 290 618 mma
319 554 394 618 sunt
424 552 501 618 bene
521 552 610 632 fiant,
634 553 707 635 quia
728 571 791 619 nou
812 553 928 637 iugiter
949 552 1037 618 fiant.
1071 571 1150 618 nam
1172 556 1203 619 et
1225 553 1327 619 homi·

206 655 296 722 cidao
318 654 458 721 homiues
481 673 542 722 non
564 674 684 738 semper
706 657 852 722 occidunt
865 657 899 721 et
917 655 1092 721 homicidae
1113 656 1221 720 tamea
1244 664 1327 741 sunt,

206 757 302 824 etiam
323 758 446 842 quaudo
475 775 536 824 nou
557 759 712 837 occidunt,
743 759 818 840 quia
838 757 996 824 interdum
1019 757 1203 840 polluuntur
1224 757 1328 824 hemi·

184 861 295 927 acidia.
320 864 351 925 et
367 861 503 926 latrones
518 878 698 926 omuesnon
723 869 846 942 semper
868 860 1095 927 latrocinantur
1116 859 1170 926 scd
1191 861 1328 927 latrones

206 967 314 1029 umen
333 981 485 1030 essenon
512 963 669 1044 desinunt,
703 962 777 1045 quia
801 963 901 1029 >ctiam
924 982 996 1028 cum
1018 966 1109 1030 rebus
1132 963 1209 1046 ipsis
1230 963 1328 1031 latro·

206 1064 289 1133 cinis
311 1070 503 1149 nenegant,
527 1065 640 1131 animis
658 1069 768 1131 tamen
788 1085 809 1131 a
830 1067 994 1132 latrocinio
1019 1084 1080 1132 non
1102 1067 1261 1134 recedunt.
1279 1071 1330 1135 sio

206 1167 314 1251 ntique
336 1185 442 1235 omnes
461 1169 502 1247 hi,
525 1168 580 1252 qui
590 1169 778 1252 spectaculis
801 1169 979 1235 istiusmodi
1001 1170 1206 1249 delectantur,
1231 1172 1328 1238 etiam

207 1272 331 1356 quande
352 1289 411 1337 non
435 1272 590 1354 spectant,
612 1270 848 1338 innoxiitamen
865 1275 905 1338 ab
926 1274 1174 1354 spectaculorum
1196 1275 1328 1358 piaculis

173 1377 311 1441 semente
331 1393 394 1441 non
416 1380 499 1454 sunt,
522 1379 595 1458 quia
617 1395 738 1458 semper
754 1375 860 1440 uelint
881 1378 1031 1458 spontane,
1055 1377 1081 1442 si
1103 1376 1234 1460 possint
1272 1396 1329 1443 nee
1340 1373 1380 1439 12

206 1475 309 1543 solum
334 1477 396 1544 lieo
424 1477 479 1544 sed
508 1481 584 1545 sunt
605 1477 667 1544 alia
689 1478 816 1545 maiora.
855 1477 1062 1561 quidecim?
1094 1480 1244 1562 numquid
1262 1498 1329 1546 non

205 1579 384 1648 consulibus
414 1580 448 1646 ot
475 1581 556 1664 pulli
586 1582 687 1649 adhuc
716 1581 884 1666 gentilium
906 1581 1142 1665 sacrilegiorum
1166 1602 1250 1649 more
1273 1603 1328 1667 pa·

206 1685 338 1749 scantur
352 1684 385 1750 ct
400 1685 535 1751 uolantis
558 1685 673 1769 pinnac
694 1685 826 1769 auguria
848 1690 1040 1769 quaeruntur
1051 1703 1092 1751 ao
1106 1704 1208 1770 paene,
1225 1688 1331 1752 omnis

206 1785 297 1865 liunt,
324 1806 404 1870 qnae
434 1789 531 1855 etiam
559 1789 609 1854 illi
636 1790 790 1873 quondam
819 1789 930 1872 pagani
954 1790 1075 1855 ueteres
1098 1789 1214 1856 friuola
1230 1793 1329 1872 atque

173 1887 373 1957 rsinridenda
393 1891 569 1958 duxerunt?
599 1894 630 1956 et
653 1910 725 1958 cnm
746 1893 945 1958 haecomnia
967 1892 1028 1976 ipsi
1042 1897 1147 1977 agant
1171 1893 1223 1974 oui
1238 1893 1328 1957 anuis

207 1992 335 2058 nomina
356 1993 500 2061 tribuunt
523 2000 588 2062 eta
609 1997 721 2081 quibus
742 1999 816 2062 anni
838 1996 901 2078 ipsi
923 1997 1082 2080 exordium
1105 1997 1242 2078 sumunt,
1265 2016 1329 2062 ene-

206 2094 310 2162 dimus
337 2097 426 2164 nobis
456 2101 531 2166 bene
559 2118 655 2166 annos
677 2118 765 2183 posse
788 2103 960 2181 procedere,
983 2101 1036 2182 qui
1059 2118 1078 2165 a
1099 2101 1191 2165 rebus
1213 2099 1328 2165 talibus

207 2198 394 2267 audiuntur?
421 2204 515 2284 atque
543 2202 666 2267 utinam
694 2202 776 2268 sicut
797 2203 872 2270 haec
894 2207 1020 2285 propter
1042 2203 1182 2268 consulas
1204 2203 1329 2268 tontum

206 2299 299 2385 finnt,
320 2303 368 2370 ita
389 2303 460 2370 illos
489 2305 614 2370 tautum
641 2303 841 2383 incestarent,
872 2311 996 2388 propter
1024 2322 1100 2387 quos
1122 2304 1212 2369 fiunt.
1249 2305 1330 2370 illud
1342 2306 1381 2371 13

172 2404 256 2470 aocet
276 2402 501 2472 feralissimum
523 2411 555 2472 et
576 2409 809 2490 grauissimum,
833 2408 915 2490 quod
938 2409 1013 2473 dum
1031 2425 1184 2473 consensu
1206 2407 1330 2491 publico

207 2512 353 2587 aguntur,
378 2509 475 2575 honor
496 2511 750 2593 paucissimorum
772 2511 808 2576 fit
831 2512 945 2576 crimen
969 2509 1107 2575 emnium
1130 2528 1166 2574 ac
1181 2509 1236 2588 sic,
1259 2528 1330 2576 curn

207 2608 341 2693 siugulis
359 2615 451 2678 ‚annis
474 2613 540 2679 bini
563 2614 799 2697 inaugurentur,
822 2633 916 2697 propo
938 2617 988 2679 est
1005 2617 1041 2679 nt
1055 2613 1089 2679 in
1105 2613 1191 2678 omui
1213 2614 1329 2680 mundo

207 2713 313 2782 nullus
339 2717 460 2782 euadat.

250 2833 309 2900 lIl.
344 2835 403 2902 Sed
432 2838 469 2902 de
493 2839 544 2902 lais
573 2841 718 2920 putemus
746 2839 804 2905 hoc
826 2839 903 2904 satis
927 2857 1004 2916 osse,
1028 2837 1109 2920 quod
1131 2839 1249 2905 dictum
1271 2838 1329 2914 est,
1341 2834 1382 2901 14
1434 2912 1439 2920 ,

174 2955 295 3022 aspum,
319 2942 355 3003 ut
376 2939 436 3023 ipsi
453 2941 614 3020 excusatis,
638 2959 700 3005 nen
713 2961 835 3026 semper
856 2942 943 3006 fiunt.
974 2943 1012 3005 de
1035 2941 1201 3007 cotidianis
1221 2941 1330 3006 demur

205 3041 451 3109 obscenitatibus
473 3045 652 3127 loquamur:
675 3063 751 3127 quas
771 3045 848 3110 talos
864 3062 900 3109 ac
913 3050 980 3110 tam
996 3045 1174 3110 innumeras
1196 3045 1330 3128 legiones

208 3143 393 3211 daemonum
409 3148 669 3232 excogitauerunt,
692 3152 727 3214 ut
743 3148 838 3214 etiam
853 3148 1001 3214 honestae
1017 3166 1053 3214 sc
1066 3147 1183 3231 probae
1196 3150 1328 3225 mentes,

208 3246 267 3312 etsi
289 3251 453 3316 nonnmlas
477 3271 582 3317 earum
598 3269 741 3335 spernere
757 3255 788 3316 et
803 3252 923 3316 calcare
939 3256 1078 3334 possunt,
1102 3269 1208 3316 omncs
1224 3253 1331 3316 tamen

208 3350 332 3432 penitus
361 3371 504 3438 superans
526 3355 579 3418 uix
605 3354 735 3436 possint.
774 3354 855 3418 siout
884 3357 965 3419 enim
988 3356 1139 3418 exercitus
1161 3352 1330 3437 pugnaturi

260 3593 277 3644 3
296 3607 349 3647 ncn
367 3609 470 3661 semper
487 3608 541 3646 non
559 3591 685 3646 occidunt
701 3592 729 3646 Β
746 3595 824 3654 m.1;
851 3591 883 3646 ia
900 3589 991 3645 mem
1008 3605 1077 3658 sopp.
1095 3589 1182 3643 uerbo
1199 3592 1227 3643 et
1242 3589 1330 3644 dromi·

208 3676 284 3732 cidnc
295 3681 386 3733 mmeu
398 3682 463 3733 sunt
472 3680 559 3734 etiam
570 3679 678 3748 quando
688 3693 743 3732 ¹uon
755 3676 878 3732 occidunt
888 3677 921 3732 ia
931 3676 1060 3731 sedam
1073 3675 1183 3732 mato
1195 3682 1262 3732 ascet

209 3765 687 3822 dtamcnesscnonltitterehooicsc
706 3762 998 3818 maurenasca-AB
1077 3763 1187 3818 cutis
1219 3792 1220 3797 κ
1267 3764 1330 3818 dab

208 3852 250 3906 Aa
273 3867 289 3905 a
307 3868 366 3906 oum
383 3852 410 3905 Β
422 3852 552 3906 Hntaac'us
647 3852 681 3905 10
697 3849 798 3905 nollent
816 3849 844 3903 Β
936 3848 1041 3917 possint
1058 3850 1178 3917 (possent
1194 3851 1272 3912 md)
1289 3850 1330 3905 A:

208 3939 318 4006 possent
334 3938 363 3992 Β
463 3939 498 3993 rte
520 3939 617 4006 pinnac
634 3941 745 4006 (penam
762 3952 795 3990 cs
816 3936 845 4004 2)
863 3934 904 3987 A:
930 3949 1030 4002 pennas
1047 3935 1074 3988 B
1112 3980 1116 3987 .
1179 3936 1212 3989 14
1233 3935 1331 3990 imnola

208 4023 236 4077 Β
249 4023 435 4090 aflaodv125
533 4023 569 4077 ⁴21
587 4025 632 4087 sic,
650 4037 710 4076 cum
721 4021 879 4076 flmliscs:
902 4020 944 4074 sid
960 4020 987 4073 A
1008 4019 1079 4075 deut
1096 4021 1124 4075 Β
1146 4021 1191 4084 sie,
1209 4023 1243 4074 ut
1259 4020 1330 4075 Hol-

207 4110 280 4164 mise
382 4110 417 4164 24
439 4110 506 4163 satis
529 4109 631 4163 dictum
652 4123 709 4162 ossa
732 4107 803 4176 qnod
817 4111 861 4162 cst
877 4107 906 4161 Β
1007 4107 1042 4162 25
1058 4109 1158 4177 umen]
1176 4109 1286 4162 tantm
1304 4107 1332 4162 Β

208 4195 262 4249 iam
281 4197 482 4252 Rittcralcasios
584 4195 618 4249 29
635 4195 758 4263 paenitus
775 4195 803 4248 A
1231 4212 1232 4216 ¹
