3076 4764
552 288 702 358 epistola
724 288 817 344 VIIII.
1182 292 1245 359 221

119 494 156 542 ac
177 477 282 559 prima
302 477 357 541 illa
379 479 505 543 ueniens
527 497 546 541 a
567 479 716 543 mandato
738 481 800 557 dei,
830 498 889 560 quo
915 479 1122 562 praecipimur
1143 477 1244 544 uitare

120 578 267 644 omnibus
289 581 389 644 modis
413 581 569 645 terrestris
591 581 710 664 gloriae
732 583 915 657 uanitatem,
939 602 977 645 ne
994 585 1068 646 dum
1091 582 1245 647 humanae

120 683 226 748 laudis
241 682 366 747 inanem
383 683 525 748 aurulam
540 683 726 764 quaerimus,
742 685 914 766 praemium
925 685 1054 749 caeleste
1071 685 1244 764 perdamus.

122 803 157 851 ex
180 787 358 868 quostiam
387 786 466 849 illud
490 788 545 867 est,
576 786 656 868 quod
680 790 712 850 el
735 788 815 852 orari
839 788 912 851 deus
936 790 966 850 et
988 787 1096 852 donari
1125 789 1245 852 occulte

102 889 233 954 siubons
255 889 327 953 nult
349 908 403 953 nos
426 889 561 953 fructum
586 889 658 953 boni
673 889 774 971 operis
790 891 1003 954 commendare
1024 890 1150 968 secreto,
1174 889 1247 971 quia

122 990 213 1057 nulla
237 992 282 1056 sit
310 992 407 1056 maior
435 990 506 1055 fidei
534 990 674 1068 deuotio,
705 1009 798 1073 quam
823 1010 901 1072 quae
924 992 1142 1056 conscientiam
1165 994 1247 1057 uitat

122 1096 284 1161 hominum
306 1096 362 1159 deo
385 1097 464 1161 teste
487 1099 640 1162 contenta.
669 1097 822 1160 nesciat
845 1094 964 1178 enim,
986 1094 1089 1176 inquit
1110 1097 1246 1160 salsatos

124 1201 243 1277 noster,
273 1216 407 1263 manus
430 1203 499 1265 tna
521 1199 691 1264 sinistra
719 1199 812 1279 quid
840 1197 967 1262 faciat
990 1198 1149 1263 dextera
1170 1202 1246 1281 tua,

123 1305 160 1366 et
192 1302 305 1384 pabor
338 1303 428 1366 tuus
462 1305 524 1384 qui
558 1302 666 1367 uidet
695 1301 733 1364 in
765 1300 956 1366 absconso
988 1301 1130 1367 reddet
1162 1301 1247 1365 tibi.

92 1407 156 1470 root
176 1404 247 1470 ideo
276 1404 419 1488 scriptori
447 1405 496 1470 illi
519 1407 558 1471 ad
580 1404 824 1470 subtrahendum
848 1424 884 1467 er
903 1404 997 1468 siculo
1020 1422 1131 1468 nomen
1155 1422 1250 1481 suum
1259 1399 1299 1468 14

122 1509 215 1591 alque
243 1509 406 1574 celandum
436 1510 577 1574 sufficere
607 1509 684 1574 haec
714 1508 928 1572 tantummodo
958 1526 1051 1572 causa
1078 1505 1188 1589 potuit,
1210 1510 1248 1570 nt

123 1613 204 1694 quod
227 1615 258 1676 in
283 1613 429 1678 honorem
452 1615 569 1679 domini
592 1612 641 1679 sui
663 1614 781 1679 lecerat
804 1612 929 1676 diuinae
950 1613 1075 1676 tantum
1091 1614 1246 1676 eonscien-

124 1717 186 1781 tiae
208 1718 390 1795 resumeret,
414 1719 445 1781 et
467 1735 515 1781 res
539 1716 812 1782 commendabilior
834 1715 891 1779 deo
914 1714 1010 1794 fieret,
1033 1732 1111 1796 quae
1132 1714 1248 1778 famam

123 1819 283 1901 publicam
306 1820 483 1884 deuitasset.
518 1821 572 1884 sed
595 1824 714 1903 tamen,
739 1818 818 1901 quod
842 1817 1050 1882 confitendum
1073 1818 1136 1898 eet,
1159 1835 1248 1898 prae·

94 1921 249 2004 ucipnum
271 1922 349 1986 illud
374 1923 450 2004 luit,
473 1925 546 2004 quia
568 1923 701 2004 scriptor
724 1921 794 2004 ille,
818 1923 855 1984 nt
876 1921 1026 2004 legimus,
1049 1919 1178 1984 humilis
1200 1920 1250 1984 est

124 2026 156 2090 iu
179 2025 277 2090 oculis
299 2028 361 2090 suis
384 2029 417 2089 et
439 2026 511 2090 uilis
533 2024 605 2101 sibi,
629 2027 775 2106 exiguum
797 2042 830 2088 se
846 2024 970 2105 penitus
985 2024 1078 2104 atque
1100 2022 1249 2087 ultimum

124 2131 246 2210 putans,
270 2132 302 2193 et
323 2130 396 2207 boc,
421 2131 502 2211 quod
525 2128 626 2193 maius
650 2130 712 2208 est,
737 2147 822 2193 mera
844 2127 915 2207 fide,
939 2144 1000 2191 non
1022 2125 1124 2191 officio
1145 2126 1248 2190 humi·

125 2230 226 2297 litatis
250 2236 433 2314 adsumptae
450 2233 504 2296 sed
520 2231 627 2295 iudicii
649 2229 801 2312 simplicis
823 2231 963 2293 ueritate.
993 2231 1074 2293 unde
1090 2229 1145 2309 est,
1169 2225 1250 2308 qnod
1261 2229 1301 2294 15

126 2335 192 2399 inre
213 2352 247 2398 se
270 2335 367 2400 etiam
390 2337 428 2399 ab
452 2335 521 2399 aliis
544 2335 641 2399 talem
657 2333 837 2397 habendum
851 2334 975 2412 putans,
999 2331 1101 2412 qualis
1117 2349 1136 2394 a
1150 2335 1249 2395 semet

94 2437 191 2520 soipso
224 2437 400 2511 haberetur,
435 2439 516 2501 recle
549 2436 665 2501 libellis
699 2438 763 2500 suis
796 2434 933 2500 alienum
963 2452 1074 2498 nomen
1108 2434 1248 2508 inseruit,

127 2540 307 2605 scilicetne
331 2540 553 2604 auctoritatem
575 2536 752 2604 salubribus
767 2537 893 2620 scriptis
914 2555 1061 2619 personae
1084 2555 1157 2602 snae
1180 2554 1251 2619 par-

127 2643 209 2708 uitas
243 2643 422 2726 derogaret3
455 2645 559 2708 omnia
591 2643 675 2707 enim
708 2643 876 2706 admodum
909 2641 994 2705 dicta
1026 2640 1109 2705 tanti
1144 2639 1251 2704 eristi·

127 2749 264 2829 mentun,
294 2749 428 2828 quantus
461 2746 508 2809 est
536 2748 601 2826 ipse
625 2746 678 2826 qui
708 2744 795 2808 dixit.
835 2745 989 2825 siquidem
1017 2745 1085 2808 tam
1106 2742 1253 2807 inbecilla

128 2853 200 2914 sunt
220 2850 352 2914 iudicia
385 2849 476 2913 huius
510 2850 656 2931 temporis
680 2867 715 2912 ao
737 2867 834 2929 paene
861 2849 928 2912 bam
950 2847 1053 2928 nulla,
1087 2849 1123 2910 ut
1145 2845 1179 2910 hi
1200 2848 1252 2928 qui

95 2977 120 3019 ss
128 2952 237 3036 legunt
267 2971 328 3018 non
358 2955 425 3018 tam
448 2953 641 3019 considerent
671 2951 745 3033 quid
774 2953 882 3033 legant
911 2968 1004 3032 quam
1027 2951 1114 3015 ouius
1137 2952 1252 3034 legant,

128 3072 184 3120 neo
206 3060 272 3121 tam
300 3055 443 3122 dictionis
473 3057 539 3120 uim
562 3060 655 3139 atque
676 3055 828 3119 uirtutem
850 3073 943 3136 quam
966 3053 1092 3119 dictoris
1115 3055 1253 3138 cogitent

128 3159 324 3241 dignitatem.
363 3160 479 3224 idcirco
512 3159 608 3243 igitur
640 3159 773 3239 scriptor
802 3157 857 3222 ille
885 3156 1034 3222 abscondi
1062 3175 1098 3222 ao
1126 3157 1253 3223 latitare
1265 3160 1304 3226 16

129 3263 272 3327 omnibus
294 3263 394 3326 modis
417 3261 528 3345 uoluit,
550 3281 589 3325 ne
611 3261 737 3344 scripta,
761 3280 839 3342 quae
854 3261 887 3324 in
903 3280 935 3325 se
950 3262 1066 3326 habent
1081 3259 1253 3344 plurimum

231 3448 247 3501 r
266 3449 363 3503 naseu.
383 3450 442 3516 aa

179 3618 322 3674 3inauem
340 3636 427 3688 osup
529 3617 723 3672 boumendare
747 3618 775 3672 Β
879 3619 992 3687 dquam
1010 3634 1078 3687 quae
1096 3631 1130 3673 ea
1147 3633 1254 3686 quamq:

130 3706 157 3759 Β
174 3721 244 3761 corr.
263 3709 330 3760 m.2
426 3704 554 3774 linquid
571 3705 598 3757 Β
692 3705 817 3758 8noster
835 3719 921 3772 coep
1014 3704 1047 3756 10
1064 3719 1094 3757 ex
1111 3702 1254 3757 Halmium

129 3807 157 3845 es
173 3792 200 3846 Β
227 3795 288 3862 eip
385 3794 417 3846 12
435 3794 511 3845 tanto
531 3795 562 3857 (a
581 3807 596 3843 o
613 3805 664 3845 eor.
682 3793 710 3857 u)
729 3789 807 3844 modo
825 3790 853 3844 Β
953 3789 986 3843 14
1004 3789 1182 3844 confitendum
1200 3789 1256 3843 luit

127 3870 148 3946 p
245 3879 277 3932 16
295 3895 322 3932 se
340 3896 370 3933 ac
387 3879 495 3947 penitus
514 3876 566 3931 del.
584 3893 614 3930 ac
632 3877 672 3942 B,
691 3882 753 3944 etp
851 3875 884 3929 17
902 3878 1042 3945 mugisest
1059 3876 1087 3928 Β
1184 3891 1256 3930 mera

129 3965 288 4020 Harielc'as:
314 3967 383 4019 mira
401 3964 564 4019 BHalmius
654 3963 688 4018 22
706 3961 848 4016 admodum
865 3967 933 4018 mut.
951 3979 985 4016 m.
1003 3965 1023 4016 2
1040 3963 1072 4016 du
1090 3979 1106 4016 a
1124 3961 1201 4016 modo
1218 3962 1255 4029 Β,

130 4054 193 4119 etp
291 4051 324 4104 24
341 4050 440 4104 iuditia
458 4050 485 4102 Β
586 4063 652 4118 pene
670 4064 703 4103 aa
720 4063 789 4116 pena
806 4048 834 4102 Β
852 4063 921 4102 corr.
939 4052 1005 4103 m.2
1100 4048 1141 4102 hii
1153 4065 1175 4117 p
1194 4056 1255 4114 (om.

130 4135 278 4204 Betucius)
381 4137 415 4190 25
438 4135 502 4205 qnid
527 4135 622 4204 legunt
645 4134 672 4188 Β
775 4133 808 4186 26
827 4133 936 4187 dictoris
954 4133 981 4187 Β
999 4139 1025 4188 ct
1041 4134 1255 4190 Rittmboosc'uc:

131 4221 307 4291 dictatorisp
411 4222 445 4277 21
463 4221 502 4290 ac]
521 4225 584 4290 etp
687 4219 721 4273 28
738 4219 838 4274 habent
852 4226 947 4289 posci.
966 4237 985 4273 n
1001 4221 1030 4275 Β
