3076 4764
518 265 709 334 deputatu.
727 264 779 318 dei
800 263 854 319 vn
877 265 892 332 1
912 264 1021 318 15-211.
1272 265 1330 330 161

209 457 313 524 iatum
335 475 373 524 ao
393 456 518 522 saluum
542 474 602 520 non
624 455 718 521 habet
739 473 796 520 nec
818 454 948 520 dominii
970 455 1092 519 saluum
1116 452 1221 519 habet.
1249 454 1331 519 haud

205 559 307 627 multo
334 563 417 625 enim
447 563 593 627 matrona
620 559 709 624 abest
742 577 762 624 a
790 557 915 624 uilitate
944 575 1121 633 seruatum,
1157 556 1211 620 ubi
1240 558 1330 638 pater

204 662 344 731 familias
378 663 566 728 ancillarum
600 663 733 727 maritus
762 667 819 727 est.
866 662 935 743 quis
964 665 1068 725 autem
1101 661 1328 742 Aquitanorum
1343 669 1382 736 18

205 766 342 833 diuitum
364 784 426 832 non
448 767 506 832 hoc
527 766 612 832 11111
636 784 727 848 quem
749 783 812 830 non
835 765 897 830 sibi
919 765 1051 830 ancillae
1067 763 1330 846 impudicissimae
1465 762 1467 767 ’

184 875 261 943 aaut
294 870 471 937 adulterum
506 871 561 934 aut
596 869 746 934 maritum
783 871 852 932 iure
890 867 1067 934 duxerunt?
1103 869 1193 949 equi
1231 869 1331 933 euim

126 1012 132 1025 ·
204 974 422 1051 emissarii,
457 974 494 1038 ut
521 971 673 1056 propheta
695 975 754 1047 ait,
789 975 828 1037 in
863 971 1030 1036 feminas
1064 971 1167 1036 iacti
1200 974 1330 1037 erant:

203 1077 472 1159 unnsquisque
510 1074 555 1139 ad
598 1093 755 1140 uxorem
798 1075 966 1156 proximi
1006 1075 1066 1139 sui
1110 1074 1330 1142 hinniebat.

203 1184 297 1264 atque
319 1180 376 1258 illi,
400 1182 438 1244 de
460 1179 572 1261 quitus
596 1178 671 1243 hacc
692 1179 809 1261 scripta
830 1177 976 1262 legimus,
1005 1182 1037 1242 et
1059 1178 1177 1243 minore
1199 1180 1331 1244 fortasse

205 1285 334 1359 crimine
357 1287 389 1349 et
418 1283 549 1361 minore,
579 1286 714 1362 uincor,
743 1300 873 1347 numero
901 1281 1066 1346 criminum
1090 1300 1126 1348 ac
1148 1283 1331 1365 passiuitatc

172 1388 384 1473 mpeccabant.
421 1386 454 1451 hi
483 1386 589 1451 autem
621 1404 693 1450 uere
717 1388 754 1450 ut
775 1386 928 1450 emissarii
959 1384 1030 1467 equi
1060 1404 1123 1450 non
1145 1386 1184 1449 ad
1214 1404 1329 1469 paucas

203 1493 339 1574 tantum,
369 1491 424 1555 sed
453 1508 549 1573 paone
573 1491 613 1554 ad
636 1507 743 1554 omnes
774 1488 921 1553 uernulas
943 1506 1025 1567 suas,
1054 1488 1158 1553 idest
1182 1491 1269 1572 quasi
1291 1495 1328 1556 ad

204 1612 314 1679 greges
337 1596 478 1677 proprios
501 1593 689 1658 hinniebant
711 1594 742 1657 ct
764 1593 795 1657 in
819 1610 937 1656 morem
961 1610 1066 1657 eorum
1090 1595 1252 1674 pecudum,
1277 1595 1330 1676 qui

204 1801 390 1885 meantes.
419 1801 452 1864 in
475 1818 703 1882 quamcumque
730 1818 782 1865 eos
805 1801 943 1882 primum
965 1801 1115 1866 feminam
1137 1804 1247 1867 ardens
1269 1801 1330 1868 im·

175 1904 371 1991 „pudicitiae
399 1904 486 1968 furor
513 1907 650 1968 traxerat
682 1905 859 1972 inruebant.
896 1903 947 1968 hic
974 1905 1038 1968 iam
1066 1923 1180 1987 quaero
1210 1907 1332 1990 asapi-
1345 1912 1383 1977 19

205 2007 340 2088 entibus,
363 2026 435 2072 cum
457 2008 533 2072 hacc
548 2008 593 2072 ita
609 2011 722 2091 essent,
745 2010 851 2091 quales
865 2009 977 2092 putent
993 2009 1088 2074 fuisse
1103 2009 1169 2074 illic
1185 2009 1330 2090 familias,

204 2111 362 2178 11111111
385 2114 474 2176 erant
496 2113 600 2194 patres
623 2112 780 2176 familias?
813 2116 963 2194 quantam
990 2129 1150 2177 seruorum
1172 2112 1239 2176 illic
1262 2130 1331 2176 cor-

204 2215 377 2297 ruptelam,
412 2215 466 2280 ubi
500 2216 697 2281 dominorum
732 2220 821 2281 tanta
844 2215 1032 2296 corruptio?
1070 2213 1212 2279 morbido
1247 2215 1330 2279 enim

206 2320 307 2400 eapite
330 2318 375 2382 nil
397 2336 506 2382 sanum
537 2321 593 2395 est,
623 2336 722 2407 neque
748 2318 852 2383 ullum
879 2318 1003 2381 omnino
1027 2317 1203 2381 membrum
1226 2317 1330 2382 officio

175 2438 260 2491 usuc
290 2420 444 2503 fungitur,
473 2421 528 2486 ubi
558 2422 639 2504 quod
662 2425 709 2486 est
738 2422 909 2504 principale
931 2439 993 2485 non
1015 2423 1143 2487 constat.
1183 2421 1216 2484 in
1239 2422 1329 2486 domo

206 2527 310 2590 autem
332 2543 388 2591 sua
410 2524 555 2590 dominus
584 2525 674 2607 quasi
704 2526 837 2606 corporis
861 2525 910 2589 sui
933 2526 1027 2606 caput
1050 2528 1097 2589 est
1120 2530 1151 2589 et
1174 2525 1241 2589 uita
1264 2525 1330 2589 eius

207 2628 325 2694 cunctis
347 2646 456 2693 norma
477 2627 613 2693 uiuendi.
653 2627 885 2710 pessimumque
908 2627 965 2693 hoc
988 2630 1036 2694 est
1058 2630 1091 2692 in
1114 2628 1172 2693 hoc
1194 2628 1329 2710 nogotio,

206 2731 285 2815 quod
308 2731 458 2797 libentius
481 2750 586 2795 omnes
609 2730 765 2796 deteriora
787 2732 953 2812 sectentur,
977 2733 1010 2797 ct
1033 2731 1155 2796 facilius
1177 2732 1260 2797 mala
1283 2732 1329 2795 in·

206 2834 329 2901 stitutio
360 2835 511 2916 deprauat
542 2834 639 2897 bonos
673 2852 767 2916 quam
804 2836 884 2899 bona
917 2835 1063 2900 emendat
1096 2836 1203 2900 maios.
1241 2841 1385 2916 porro20

176 2940 311 3003 uentum
333 2954 404 3001 cum
428 2937 521 3001 etiarn
544 2937 618 3002 boni
646 2937 739 3019 atque
766 2936 889 3002 honesti
912 2941 1017 3019 patres
1040 2938 1175 3004 familias
1197 2938 1331 3004 famulos

208 3040 302 3106 bonos
324 3040 425 3104 facere
446 3057 507 3103 non
530 3039 661 3120 possint,
685 3044 834 3119 quantam
856 3040 922 3105 illic
945 3043 1091 3122 putamus
1114 3041 1208 3106 fuisse
1230 3043 1333 3107 labem

208 3143 409 3215 familiarum,
433 3145 486 3208 ubi
509 3143 628 3208 domini
652 3147 739 3208 crant
754 3142 948 3225 impuritatis
962 3144 1165 3225 exemplum?
1188 3146 1331 3226 quamuis

207 3264 266 3311 non
299 3245 475 3325 exemplum
507 3244 575 3309 illic
608 3243 823 3309 tantummodo
856 3246 975 3309 malum
1004 3245 1109 3324 fuerit,
1143 3246 1197 3310 sed
1225 3247 1273 3310 uis
1296 3265 1331 3311 ac

182 3393 189 3409 .
207 3348 373 3415 necessitas
388 3350 550 3431 quaedam,
568 3347 642 3430 quia
655 3366 764 3430 parere
779 3347 1034 3429 impudicissimis
1047 3348 1181 3413 dominis
1194 3348 1330 3412 famulae

175 3451 396 3539 eocogebantur
432 3452 552 3517 inuitae
584 3455 615 3516 at
651 3450 749 3516 libido
786 3450 1019 3521 dominantium
1056 3453 1223 3517 necessitas
1255 3452 1330 3516 sub·

307 3624 325 3677 5
347 3621 463 3678 Hierem.
481 3623 506 3688 5,
524 3623 542 3677 8

256 3779 338 3833 lant
355 3796 375 3834 s.
395 3795 411 3832 a
428 3795 481 3835 scr.
498 3779 525 3832 H
544 3785 608 3833 ets.
626 3781 639 3832 t
656 3796 709 3834 scr.
726 3779 794 3834 dm.
813 3782 833 3834 2
851 3779 878 3833 A
901 3779 969 3833 haut
987 3780 1015 3833 Β
1126 3780 1279 3852 2111111]
1298 3782 1332 3836 ab

205 3860 259 3918 ista
275 3864 303 3918 A
394 3865 548 3920 3familiae
565 3881 648 3933 sopor
665 3882 679 3919 e
696 3881 749 3921 scr.
768 3883 780 3920 s
798 3869 863 3921 112
880 3865 907 3918 A
999 3865 1096 3935 4sibi]
1116 3866 1156 3919 ibi
1173 3869 1333 3936 suspicatur

206 3947 365 4018 flonetius,-
390 3951 456 4018 scot.
479 3950 557 4007 ecrit.
575 3951 633 4005 illic
650 3956 683 4006 cot
699 3951 781 4018 infra
798 3969 826 4006 a.
844 3955 886 4006 16.
905 3953 947 4006 17.
967 3954 1011 4007 26.
1030 3953 1069 4005 28
1171 3953 1188 4007 ὀ
1210 3952 1333 4007 dixerunt

206 4032 233 4086 Β
322 4036 491 4090 tamissarii
508 4037 535 4090 A
626 4036 794 4106 1111111111
812 4037 846 4091 ad
864 4037 892 4090 Β
986 4036 1017 4090 17
1036 4039 1333 4107 quanta—corruptela

206 4119 233 4173 Β
334 4122 367 4176 21
394 4139 448 4192 qua
467 4138 488 4176 s.
506 4127 639 4177 scr.m.1
656 4125 680 4176 11
697 4124 726 4177 A
828 4124 864 4178 22
890 4125 931 4177 111
948 4123 997 4179 hoc
1019 4124 1047 4178 Β
1147 4125 1183 4179 24
1211 4125 1333 4179 emendet

206 4205 233 4259 Β
335 4209 369 4262 25
386 4211 476 4277 putres
494 4209 615 4264 familiae
633 4210 662 4263 A

256 4310 333 4366 VIII.
1199 4314 1229 4368 11
