3076 4764
562 289 601 342 ad
619 289 797 344 ecclesiam
818 289 833 343 l
851 295 865 354 ς
882 289 994 344 43-49.
1276 292 1340 358 239

214 482 271 559 est,
295 485 331 546 ut
352 479 475 546 morbos
498 495 570 543 suos
592 479 776 562 languentes
800 479 956 557 horreant,
987 497 1094 543 curare
1117 479 1226 562 plagas
1249 480 1338 544 festi-

209 584 284 649 nent
317 583 416 649 saucii
439 585 470 646 et
491 582 603 647 ilicoe
635 582 814 664 corporibus
850 582 983 665 sagittas
1017 582 1141 663 rapiant
1169 583 1338 649 uulnerati.

209 687 325 769 optime
358 686 442 752 enirn
476 685 634 766 malagma
668 685 718 749 uel
751 684 848 749 fibula
881 685 990 749 calidis
1022 683 1124 748 adhuc
1152 684 1337 750 uulneribus

209 791 377 871 inponitur,
401 790 434 854 et
455 788 550 853 citius
573 787 635 851 sibi
657 787 829 869 plagarum·
845 805 914 851 caro
938 787 1085 868 sociatur,
1109 794 1265 869 quse'non
1287 789 1339 853 diu

184 893 294 957 shiare
329 893 533 974 permititur.
561 892 656 954 ulcus
688 890 814 971 quippe
831 890 863 954 in
895 909 1028 971 corpore,
1063 889 1089 953 si
1113 889 1338 973 computruerit,

209 995 370 1073 dilatatur,
405 998 436 1058 et
465 995 492 1059 si
521 993 630 1076 plagas
662 1010 825 1058 cancroma
853 995 1003 1074 seqnitur,
1037 1010 1185 1058 canorum
1215 1011 1339 1057 necesse

210 1101 258 1161 est
281 1101 486 1180 consequatur
510 1114 644 1160 occasus.
672 1096 820 1179 fugienda
842 1097 947 1178 itaque
970 1098 1107 1178 primum
1131 1096 1206 1160 haec
1229 1113 1339 1177 pecca·
1348 1095 1389 1161 47

210 1201 328 1266 toribus
357 1200 443 1264 mala
471 1199 545 1264 sunt
572 1218 628 1264 nec
657 1199 777 1263 dandus
808 1198 932 1265 diabolo
954 1201 1059 1274 locos,
1078 1202 1118 1264 nt
1140 1202 1195 1282 qui
1218 1202 1338 1264 stantes

209 1302 325 1385 inpulit
353 1304 386 1367 in
417 1303 540 1366 ruinam
571 1302 672 1384 lapsos
702 1302 888 1385 praecipitet
911 1305 942 1368 iu
965 1307 1108 1368 mortem.
1147 1303 1256 1384 quodsi
1284 1305 1339 1367 aut

175 1407 300 1470 rotante
321 1408 369 1470 uis
392 1404 494 1469 morbi
517 1409 572 1471 aut
595 1410 684 1471 tanta
707 1410 904 1490 aegrotorum
927 1407 1023 1471 fuerit
1044 1407 1174 1483 incuria,
1197 1407 1235 1471 nt
1256 1407 1338 1471 uali-

208 1507 328 1571 tudinis
351 1508 454 1572 labem
476 1522 574 1590 usque
598 1512 636 1574 ad
653 1509 716 1573 dies
740 1510 867 1574 ultimos
883 1510 1000 1589 trahat,
1024 1509 1099 1591 quid
1116 1510 1217 1573 dicam
1233 1509 1338 1573 nescio

210 1611 284 1691 quid
307 1611 492 1692 promittam
515 1612 641 1692 penitus
655 1612 776 1693 ignoro.
799 1613 999 1678 reuocareab
1015 1612 1215 1694 inquisitione
1233 1612 1339 1677 ultimi

209 1717 337 1780 remedii
365 1716 575 1797 periclitantes
605 1715 718 1780 durum
741 1718 772 1780 et
800 1716 950 1798 impium,
973 1716 1122 1798 spondere
1151 1718 1256 1780 antem
1279 1715 1338 1779 ali-

209 1819 282 1899 quid
312 1821 343 1882 in
375 1823 441 1884 tarn
465 1838 538 1884 sera
560 1820 725 1885 curatione
754 1821 965 1885 temerarium.
1005 1821 1058 1884 se'd
1088 1820 1200 1884 melius
1230 1823 1338 1885 tamen
1346 1815 1388 1880 48

175 1925 268 1987 reest
290 1920 412 2002 absque
439 1923 541 1988 dubio>
567 1922 710 2004 quamuis
742 1924 889 1988 diuturna
923 1923 1059 2005 paralysi
1085 1923 1193 1988 arides
1227 1940 1337 1988 manus

210 2023 313 2104 aliquo
336 2028 439 2088 tamen
461 2025 534 2089 nisu
549 2026 596 2089 ad
617 2026 742 2090 caelum
764 2025 843 2108 erigi
859 2044 953 2107 qnam
974 2026 1068 2092 letali
1088 2026 1336 2107 penitusdespe-

208 2127 326 2190 ratione
349 2126 497 2191 dissolui:
521 2127 633 2191 melius
656 2131 703 2192 est
725 2127 809 2191 nibil
825 2128 1025 2210 inexpertum
1044 2129 1218 2210 relinquero
1242 2148 1336 2210 qnam

209 2230 394 2294 morientem
422 2229 509 2294 nulla
538 2239 654 2308 curare,
671 2231 830 2297 manime
847 2232 1043 2312 qnianesoio
1067 2250 1107 2295 an
1126 2233 1166 2298 in·
1186 2231 1335 2296 extremis

208 2332 327 2414 aliquid
355 2333 512 2415 temptare
540 2332 696 2398 medicina
717 2333 769 2412 ein
800 2334 992 2400 corte².nihil
1015 2337 1169 2416 temptare
1189 2335 1336 2416 perditio.

172 2440 242 2499 sset
260 2456 356 2502 unum
379 2437 452 2513 scio,
476 2437 557 2518 qnod
579 2437 767 2517 quicumque
786 2438 820 2502 in
835 2438 914 2504 hanc
928 2437 1087 2505 miseriam
1104 2437 1187 2520 longi
1201 2439 1333 2520 languo-

205 2538 248 2601 ris
277 2541 416 2603 extrema
443 2539 621 2620 perduxerit
654 2540 812 2608 ineffabile
843 2542 931 2608 dictu
962 2546 1009 2607 est
1039 2544 1200 2624 qnantum·
1214 2543 1333 2611 lamen·

208 2641 338 2706 tationis
361 2643 515 2708 erroribus
538 2645 602 2709 suis
626 2645 746 2723 debeat,
777 2645 830 2726 qui
855 2656 1029 2728 numquam
1052 2647 1155 2713 errata
1178 2646 1333 2733 cognouit.

215 2803 218 2807 ,
241 2762 290 2825 X.
321 2764 362 2828 Et
384 2763 459 2844 qnid
481 2762 563 2827 inter
577 2763 750 2830 haec-fiet?
770 2765 891 2847 quando
908 2765 1101 2849 lugebisqui
1116 2765 1183 2830 dies
1205 2763 1336 2848 lugendi
1345 2763 1386 2829 49

207 2864 367 2946 perdidit?
395 2867 517 2948 quando
540 2866 715 2932 satisfaciet
737 2870 790 2949 qui
813 2869 937 2951 tempus
960 2868 1182 2933 satisfactionis
1199 2868 1336 2932 amisit?

170 2971 248 3033 asad
269 2967 384 3032 ieiunia
406 2970 554 3033 uidelicet
577 2965 863 3054 longa'conlngiet.
901 2976 950 3036 est
978 2971 1183 3053 quidemhoc
1206 2970 1334 3053 aliquid,

208 3070 235 3133 si
257 3071 458 3154 eleemosynis
474 3077 655 3151 misceatur,
679 3074 851 3138 seeundum
872 3070 973 3138 illud:
993 3073 1132 3139 bonum
1155 3074 1334 3138 astraei-u·

207 3174 312 3237 ninm
350 3190 434 3238 cum
471 3178 730 3259 eleemosyna.
779 3177 833 3240 sed
863 3177 1019 3258 quomodo
1053 3179 1080 3241 ei
1110 3177 1334 3260 exomologesis

208 3277 355 3342 diuturna
377 3277 591 3358 opitulabitur
604 3279 636 3342 in
660 3281 808 3343 extremis
830 3278 915 3345 sito?
938 3283 990 3346 sed
1007 3278 1109 3344 cilicio
1133 3298 1241 3352 carnes
1265 3298 1334 3344 eon-

207 3381 292 3445 teret
317 3399 354 3445 ao
383 3380 493 3446 fauilla
507 3403 509 3407 ’
522 3384 553 3446 et
571 3381 691 3446 cinere·
712 3381 894 3460 sordidabit,
927 3386 963 3448 ut
990 3383 1162 3448 mollitiem
1188 3382 1335 3448 uidelicet

308 3593 342 3646 26
366 3590 432 3644 Tob.
452 3592 493 3658 12,
510 3593 528 3646 8

257 3789 365 3844 2illico
382 3790 409 3844 Β
512 3790 649 3846 6«(1ἱ1ι,1;ιιι
666 3791 695 3844 Β
765 3792 874 3846 *lest
892 3807 953 3845 cum
971 3794 1099 3861 sequatur
1116 3793 1144 3847 Β
1241 3793 1333 3847 adia-

206 3874 270 3929 bnlo
287 3876 315 3928 A
413 3876 446 3930 10
463 3875 630 3931 ualetudinis
648 3891 682 3932 ea
694 3877 777 3932 uelit.
796 3891 866 3932 corr.
882 3881 949 3932 ma
965 3878 993 3932 A
1090 3880 1122 3933 ll
1141 3880 1220 3948 nequi
1238 3880 1265 3934 Β

207 3960 239 4013 12
262 3960 386 4028 poenitus
403 3960 453 4014 ΒΙ
534 3961 566 4017 15
589 3961 702 4030 paralisi
725 3963 754 4017 Β
857 3961 1018 4017 ld'tandem
1032 3978 1086 4032 pro
1103 3967 1197 4018 tamen
1214 3965 1256 4019 ed.
1274 3966 1332 4019 Bo-

202 4046 295 4100 tasa'os
381 4046 561 4115 disperatione
577 4047 634 4104 AB
720 4048 754 4103 22
772 4049 830 4119 qui]
848 4049 913 4117 qnia
928 4064 948 4118 p
965 4050 1136 4115 fortaeote‘
1180 4052 1239 4106 24
1256 4053 1335 4106 satis·

205 4131 368 4186 factionibus
391 4133 419 4186 B
527 4133 561 4187 26
584 4135 743 4204 elemosynis
764 4135 805 4189 A.
819 4136 973 4205 elymosinis
997 4137 1024 4191 Β
1126 4137 1159 4190 at
1181 4140 1334 4208 elemosyna

204 4219 232 4271 A
260 4219 409 4288 elymosina
426 4219 455 4272 Β
557 4221 759 4290 exomologessis
776 4221 834 4276 B·
1145 4264 1147 4269 ,
1266 4264 1269 4268 -
