3076 4764
215 287 257 352 14
698 281 854 335 Saluiani

214 473 369 556 scriptura
402 472 505 536 dicit?
542 471 734 535 formauit
771 471 1027 554 igitur,deus
1057 470 1258 534 bominem
1295 469 1338 534 de

213 579 306 643 limo
330 577 460 641 terrae
483 577 518 638 01
541 574 763 657 inspirauit
784 575 823 638 in
846 592 930 639 eum
954 573 1195 657 spiraculum
1217 574 1336 639 uitae.

213 684 245 746 01
267 681 340 762 quid
363 680 493 761 postea?
516 677 665 759 posuit,
690 677 800 759 inquit,
825 695 909 742 eum
933 677 971 740 in
994 675 1179 757 paradiso
1201 677 1338 758 uolup-

213 783 325 848 tatis.
358 780 432 863 quid
457 780 622 861 deinceps?
646 780 732 844 dedit
749 778 868 844 scilicet
884 781 996 860 legem,
1020 779 1192 863 praeceptis
1208 779 1334 859 imbuit,

213 885 409 950 institutione
444 883 603 948 formauit.
642 884 715 965 quid
750 884 854 947 autern
889 884 957 964 post
991 883 1067 947 haec
1096 883 1237 947 secutum
1269 886 1371 980 estis

212 987 373 1070 praeteriit
404 988 496 1052 homo
525 986 710 1050 mandatum
738 1005 872 1064 sacrum,
903 987 1094 1051 sententiam
1116 985 1224 1066 subiit,
1248 1003 1338 1068 para·

160 1100 203 1166 28
213 1092 314 1156 disum
337 1090 483 1173 perdidit,
507 1107 640 1171 poenam
664 1089 872 1174 damnationis
896 1089 1024 1171 excepit.
1059 1091 1127 1171 quis
1150 1107 1211 1153 non
1235 1090 1267 1153 in
1289 1090 1337 1154 his

212 1194 355 1258 omnibus
380 1196 411 1258 et
434 1193 672 1278 gubernatorem
696 1193 789 1257 deum
805 1191 911 1257 uideat
928 1195 960 1257 et
983 1193 1141 1257 iudicem?
1176 1193 1338 1257 constituit

212 1299 295 1362 eninr
319 1297 420 1361 Adam
450 1298 482 1360 in
511 1298 651 1378 paradiso
681 1296 887 1373 innocentem,
919 1295 1039 1378 expulit
1068 1315 1165 1360 reum.
1204 1296 1237 1360 in
1264 1313 1339 1362 con·

210 1401 377 1466 stitutione
400 1401 553 1465 ordinatio
576 1401 633 1478 est,
658 1399 690 1462 in
715 1399 892 1481 expulsione
913 1398 1076 1463 iudicium.
1110 1402 1230 1483 quando
1254 1400 1372 1463 enimro

213 1522 285 1568 eum
307 1505 339 1568 in
361 1505 427 1569 loco
450 1502 623 1584 uoluptatis
647 1502 761 1584 posuit,
785 1500 952 1579 ordinauit,
978 1502 1098 1583 quando
1121 1506 1227 1567 autem
1250 1520 1337 1566 reum

212 1610 250 1672 de
279 1624 371 1689 regno
401 1606 534 1688 expulit,
563 1605 725 1670 iudicauit.
765 1624 837 1687 ergo
866 1604 923 1669 hoc
946 1605 983 1669 de
1005 1605 1105 1685 primo
1133 1605 1273 1683 homine,
1305 1605 1337 1669 id

211 1711 259 1774 est
283 1711 319 1774 de
342 1713 437 1791 patre.
463 1709 537 1791 quid
561 1709 598 1773 de
621 1709 764 1786 secundo,
796 1709 827 1774 id
850 1710 899 1772 est
922 1708 959 1772 de
982 1708 1071 1773 filio?
1099 1708 1336 1789 factumest,

211 1813 314 1894 inquit
348 1813 503 1894 scriptura
536 1830 640 1887 sacra,
675 1813 764 1894 post
794 1812 939 1876 multos
972 1812 1071 1887 dies,
1108 1814 1146 1875 ut
1168 1810 1337 1876 offerret

210 1913 303 1978 Cain
339 1914 381 1978 de
419 1913 623 1979 fructibus
661 1917 791 1979 terrae
829 1933 990 1979 munera
1028 1915 1190 1978 domino.
1236 1913 1370 1979 Abelis

211 2035 358 2099 quoque
387 2016 534 2082 obtulit
565 2018 607 2082 de
641 2016 841 2099 primitiis
877 2017 1011 2100 gregis
1042 2018 1103 2082 sui
1130 2021 1167 2082 et
1190 2018 1233 2082 de
1256 2018 1336 2082 adi·

210 2119 323 2201 pibus
346 2121 438 2185 eius.
478 2123 517 2186 et
540 2121 716 2202 respexit
738 2121 923 2186 dominus
947 2121 993 2185 ad
1013 2121 1109 2187 Abel
1133 2123 1171 2185 et
1193 2121 1238 2184 ad
1260 2140 1336 2185 mu-

211 2241 304 2288 nera
335 2223 435 2303 eius,
469 2226 514 2289 ad
537 2223 630 2289 (lain
664 2242 754 2290 uero
784 2229 820 2290 et
844 2225 889 2289 ad
923 2243 1086 2290 munera
1119 2224 1234 2288 illius
1264 2243 1336 2289 non

157 2330 392 2409 29respexit.
430 2328 613 2412 priusquam
637 2331 673 2393 de
697 2328 888 2394 euidentiore
911 2329 1026 2395 iudicio
1051 2330 1101 2394 dei
1125 2330 1236 2407 dicam,
1260 2331 1335 2410 puto

211 2433 292 2514 quod
316 2431 412 2496 etiam
434 2433 467 2496 in
489 2431 537 2497 his
561 2435 638 2514 quae
662 2432 726 2496 ianr
749 2431 883 2496 diximus
907 2435 1058 2514 quaedam
1076 2450 1206 2497 censura
1228 2431 1370 2496 iudiciiee

210 2537 273 2618 est3
297 2534 328 2598 in
343 2535 399 2599 hoc
416 2536 508 2609 enim,
534 2535 615 2616 quod
639 2535 730 2599 unius
753 2535 938 2599 sacrificium
960 2537 1034 2599 deus
1058 2535 1189 2616 suscipit
1204 2534 1334 2599 alterius

211 2638 362 2715 excludit,
393 2636 625 2701 euidentissime
656 2638 762 2717 utique
785 2639 816 2699 et
839 2636 876 2699 de
899 2636 990 2699 unius
1013 2637 1136 2701 iustitia
1159 2637 1190 2698 et
1213 2636 1250 2699 de
1273 2634 1334 2699 ini-

209 2741 331 2823 quitate
363 2740 491 2803 alterius
523 2737 684 2803 iudicauit.
723 2739 778 2803 sed
809 2739 865 2802 boc
897 2756 1006 2820 parum
1037 2739 1095 2803 est.
1135 2737 1210 2804 Cain
1237 2737 1335 2819 igitur

211 2843 315 2907 futuro
346 2842 472 2906 facinori
501 2841 586 2904 uiam
617 2841 760 2904 sternens
791 2839 922 2903 fratrem
944 2841 976 2903 in
1000 2840 1202 2905 solitudinem
1226 2839 1333 2917 trahit,

208 2945 337 3009 secretis
360 2944 627 3026 patrocinantibus
652 2943 752 3007 scelus
774 2941 913 3026 peragit,
937 2942 1141 3025 impiissimus
1164 2944 1280 3025 pariter
1303 2945 1368 3011 etas

207 3049 431 3126 stultissimus,
463 3047 516 3129 qui
546 3047 585 3110 ad
615 3045 854 3128 perpetrandum
884 3045 1054 3110 maximum
1083 3047 1167 3112 nefas
1194 3047 1333 3112 sufficere

210 3151 274 3215 sibi
302 3150 451 3231 credidit,
483 3151 510 3215 si
533 3151 674 3232 aspectus
704 3150 821 3214 uitaret
850 3149 1010 3214 hominum
1040 3149 1250 3215 fratricidium
1278 3152 1333 3217 deo

210 3253 291 3319 teste
315 3253 462 3318 facturus.
501 3253 581 3318 unde
605 3258 688 3336 puto,
713 3252 794 3334 quod
817 3252 893 3318 haee
915 3253 947 3316 in
970 3253 1024 3317 illo
1049 3254 1110 3317 iam
1132 3256 1207 3317 tunc
1229 3255 1333 3334 opinio

210 3356 305 3422 tuerit
333 3376 410 3440 quae
438 3358 575 3422 nuncin
599 3355 708 3420 multis
738 3359 801 3440 est,
832 3357 924 3420 deum
947 3356 1066 3421 scilicet
1090 3357 1250 3421 terrestria
1273 3377 1332 3423 non

209 3461 360 3543 respicere
391 3462 422 3525 et
457 3463 544 3524 actus
578 3459 799 3525 sceleratorum
832 3458 994 3524 hominum
1029 3477 1090 3524 non
1125 3461 1239 3525 uidere.
1278 3481 1367 3528 necao

208 3565 339 3630 dubium
363 3566 418 3644 est,
443 3567 596 3644 cumpost
616 3562 734 3628 lacinus
752 3563 924 3629 admissum
940 3562 990 3628 dei
1007 3581 1147 3628 sermone
1165 3566 1332 3629 conuentus

315 3768 327 3819 1
347 3768 411 3824 Gen.
430 3768 454 3832 2,
474 3767 488 3819 1
592 3768 608 3821 3
627 3765 692 3821 Gen.
711 3767 735 3831 2,
753 3769 769 3820 8
875 3767 906 3820 13
924 3766 987 3820 Gen.
1007 3768 1031 3832 4,
1050 3769 1118 3836 3sq.

261 3939 354 3991 3eum
372 3938 462 4005 inquit
479 3939 507 3991 Β
611 3939 841 4007 ldampnationis
858 3938 886 3991 A
979 3939 1008 3992 in
1026 3954 1075 3994 000.
1093 3940 1128 3993 A<
1223 3942 1330 3995 9reum

208 4029 242 4078 011
266 4025 292 4078 Β
396 4025 428 4078 19
456 4024 616 4078 euideneiori
644 4025 670 4078 Β
775 4023 808 4077 20
830 4023 911 4077 etiam
936 4025 1006 4093 quod
1031 4026 1057 4078 B
1161 4026 1193 4079 21
1217 4025 1331 4092 suscepit

208 4111 236 4165 B
340 4111 373 4165 22
391 4113 418 4165 01
437 4111 517 4164 unius
536 4111 563 4163 Β
580 4113 641 4178 (om.
660 4110 702 4178 de)
796 4111 839 4164 -24
862 4110 1007 4164 solitudine
1031 4112 1058 4164 Β
1162 4112 1195 4165 26
1213 4111 1330 4166 sufficere

207 4198 249 4252 be'e
267 4199 294 4252 A
311 4204 372 4254 orel
477 4197 510 4250 21
529 4199 638 4266 aspectu
654 4196 696 4251 sui
717 4196 791 4250 daret
808 4197 855 4251 sed
872 4201 884 4251 t
903 4213 963 4266 sap.
983 4198 1000 4251 d
1018 4197 1106 4254 adeor.
1124 4200 1191 4255 002
1209 4199 1234 4251 A
