3076 4764
259 268 302 334 40
498 265 654 319 Saluiani
672 264 708 318 de
726 265 863 334 gubern.
882 264 936 318 dei
954 264 984 318 II
1002 266 1017 332 ᾖ
1036 265 1146 319 26-28.

262 447 449 522 conscientia
477 454 575 520 bonae
603 473 712 520 causae
743 473 805 519 non
839 457 906 521 tam
935 455 1118 538 suffragium
1148 454 1264 520 domini
1292 474 1384 537 quam

260 559 410 625 iudicium
431 560 619 642 depreeatur,
637 561 709 641 quia
724 559 822 624 bonae
837 576 948 623 causae
963 558 1118 641 optimum
1134 577 1254 641 semper
1269 559 1384 623 suffra·

239 664 347 747 ·gium
367 661 528 740 tribuitur,
552 660 579 726 si
603 680 673 727 cum
697 662 817 727 iustitia
832 662 999 727 iudicetur.
1028 660 1106 725 alibi
1121 678 1242 743 quoque
1258 662 1384 726 euiden-

207 765 398 834 27tissime:
428 765 577 846 iudica,
608 765 776 844 domine,
806 770 995 830 nocentes
1024 783 1093 836 me,
1123 784 1301 848 expugna
1329 766 1384 829 in·

259 869 480 953 pugnantes
509 887 579 933 mo:
609 869 859 950 adprehende
888 887 991 935 arma
1017 873 1055 934 et
1085 870 1240 933 scutum
1268 873 1304 933 et
1328 888 1419 932 ex-o

260 991 380 1055 surge
406 974 445 1036 in
480 972 723 1038 adiutorium
756 973 861 1037 mihi.
906 974 992 1038 uides
1021 974 1117 1038 etiam
1146 973 1203 1038 hoc
1230 973 1297 1038 loeo
1323 991 1385 1036 non

259 1075 360 1140 futuri
389 1076 536 1141 examinis
566 1076 767 1141 seueritatem
795 1077 846 1140 sed
881 1093 1045 1141 censuram
1073 1077 1243 1158 praesentis
1276 1074 1384 1140 iudicii

259 1179 420 1260 postulari.
444 1178 502 1243 hoc
517 1180 565 1243 est
588 1179 671 1244 enim
686 1179 766 1243 illud
789 1180 869 1261 quod
893 1178 951 1243 ait:
975 1174 1183 1261 ‘adprehende
1205 1182 1327 1244 scutum
1352 1180 1384 1243 et

261 1282 362 1362 arripe
385 1270 554 1364 gladium’,
584 1287 709 1347 scutum
732 1283 850 1347 scilicet
872 1284 910 1347 ad
932 1283 1155 1364 protectionem
1183 1281 1323 1366 gladium
1345 1284 1384 1347 ad

208 1415 210 1420 ·
258 1381 427 1446 ultionem:
459 1401 520 1446 non
550 1385 622 1466 quia
650 1382 708 1447 hoc
736 1382 877 1447 iudicans
907 1382 982 1446 deus
1010 1384 1100 1466 egeat
1123 1387 1288 1467 apparatu,
1318 1385 1419 1464 sed,1o

259 1485 331 1567 quia
352 1486 385 1548 in
406 1484 464 1549 hoc
486 1486 608 1550 saeculo
628 1485 706 1550 haec
721 1485 912 1567 terribilium
936 1504 1039 1550 rerum
1055 1486 1180 1552 nomina
1196 1487 1384 1552 terribilium

259 1585 444 1652 iudiciorum
480 1590 553 1652 sunt
587 1582 819 1666 instrumenta,
857 1589 896 1652 ad
931 1589 1101 1654 humanam
1135 1589 1383 1674 intellegentiam

257 1688 466 1755 humanarum
488 1709 593 1755 rerum
615 1690 894 1774 significationibus
921 1691 1064 1772 loquens,
1094 1692 1166 1774 quia
1194 1692 1324 1756 iudicari
1346 1710 1383 1756 ao

257 1792 410 1857 uindicari
432 1811 464 1858 se
487 1793 524 1858 de
545 1794 731 1858 aduersariis
761 1792 962 1874 precabatur,
997 1814 1052 1876 per
1080 1795 1288 1859 instrumenta
1319 1798 1382 1858 ter-

192 1936 213 1947 »ι
257 1913 348 1959 renas
376 1898 467 1960 istius
496 1896 625 1962 ultiouis
654 1897 720 1960 uim
748 1897 871 1962 diuinae
905 1896 1185 1961 animaduersionis
1221 1898 1381 1978 expressit.
1393 1921 1419 1962 15

205 1998 247 2064 28
257 1997 388 2081 denique
412 1998 486 2064 alibi
509 2000 659 2082 propheta
681 2000 780 2078 idem,
811 2000 885 2082 quid
915 2001 997 2064 inter
1019 2018 1165 2081 praesens
1188 2004 1219 2063 et
1241 2000 1384 2065 futurum

258 2098 409 2165 iudicium
432 2102 481 2167 dci
503 2105 592 2186 esset,
618 2103 764 2168 ostendit.
797 2103 870 2185 quid
894 2103 978 2168 enim
1001 2103 1038 2167 de
1063 2122 1192 2168 censura
1213 2104 1384 2185 praesentis

257 2205 407 2269 examinis
432 2206 508 2271 dicit
532 2209 569 2270 ad
593 2208 775 2270 dominum?
820 2207 931 2271 sedes
955 2225 1074 2289 super
1096 2208 1296 2290 thronum,
1320 2209 1384 2290 qui

256 2305 414 2372 iudicas
438 2310 692 2392 aequitatem.
718 2311 793 2392 quid
816 2314 922 2374 autem
945 2311 983 2374 de
1006 2310 1111 2375 futuro
1134 2311 1185 2375 dci
1200 2313 1383 2394 aeternoque

256 2410 394 2477 iudicio?
415 2413 634 2495 iudicabit,
657 2413 775 2495 inquit,
800 2413 931 2477 orbem
953 2415 1086 2478 terrae
1109 2414 1147 2477 in
1171 2415 1417 2495 aequitatem

257 2514 435 2579 etiterum:
459 2516 659 2583 iudicabit
682 2519 846 2600 populos
872 2536 955 2582 oum
971 2517 1145 2583 iustitia.
1169 2516 1245 2598 ipsis
1262 2516 1383 2581 scilicet

207 2622 212 2670 T
256 2618 359 2681 uerbis
383 2620 554 2698 praesentis
583 2619 733 2701 temporis
763 2621 796 2683 et
817 2618 917 2684 futuri
939 2622 1063 2703 tempus
1091 2620 1200 2683 iudicii
1221 2620 1383 2700 utriusque

257 2719 409 2783 distinxit.
428 2722 464 2784 ut
480 2721 563 2784 enim
579 2740 723 2803 praesens
739 2722 888 2787 iudicium
905 2723 1090 2797 ostenderet,
1108 2711 1246 2786 ‘iudicas'
1262 2720 1381 2804 posuit:

256 2823 293 2884 ut
320 2823 425 2885 autem
453 2823 595 2889 futurum
625 2825 832 2907 distingueret
859 2845 877 2890 a
905 2824 1077 2907 praesenti,
1113 2823 1248 2889 subiecit
1275 2828 1383 2906 postea

256 2913 441 2991 iudicabit.
487 2926 563 2991 haec
590 2927 688 3009 igitur
712 2929 750 2992 de
777 2946 851 2993 cura
874 2947 947 3012 erga
970 2947 1025 2993 nos
1049 2929 1099 2993 dei
1121 2933 1152 2993 et
1174 2927 1382 3010 gubernaculo
1390 2948 1415 2989 ae

255 3026 288 3093 et
320 3028 434 3093 iudicio
467 3029 589 3095 ratione
623 3031 772 3112 exemplis
804 3031 991 3096 testimoniis
1027 3031 1173 3114 probasse
1211 3031 1288 3096 satis
1322 3034 1380 3110 est,

255 3132 389 3196 maxime
412 3132 485 3215 quia
508 3134 614 3214 etiam,
639 3152 716 3216 quae
731 3137 801 3216 post
816 3136 873 3200 hoo
894 3138 1039 3200 secutura
1055 3136 1139 3213 sunt,
1165 3134 1258 3199 adid
1280 3135 1382 3216 ipsum

255 3235 359 3300 omnia
386 3237 599 3319 pertinebunt.
644 3238 776 3304 nuncsi
800 3242 912 3316 adeo,
942 3240 1029 3303 cuius
1057 3238 1218 3321 negotium
1247 3238 1380 3321 agimus,

254 3339 337 3404 uires
360 3341 398 3404 ad
421 3341 576 3424 agendum
600 3341 817 3423 acceperimus,
842 3362 879 3407 ea
902 3360 981 3425 quae
997 3346 1103 3407 contra
1118 3343 1193 3406 haec
1210 3339 1248 3403 ab
1272 3344 1380 3404 aduer-

255 3443 345 3509 sariis
370 3441 431 3507 dici
452 3443 569 3522 solent,
601 3446 633 3508 et
655 3443 792 3526 proferre
816 3445 911 3509 simul
934 3445 966 3508 et
987 3444 1125 3508 refutare
1148 3442 1416 3525 temptabimusso

357 3627 462 3682 5Psal.
481 3628 558 3694 34,1
664 3629 697 3683 19
715 3629 786 3684 Psal.
805 3630 864 3695 9,5
926 3684 928 3687 ,
967 3627 1152 3694 capnias
1173 3628 1205 3683 13

305 3797 322 3851 3
334 3796 471 3851 tribuetur
483 3799 510 3852 B
613 3800 629 3853 9
642 3803 744 3868 corripe
756 3801 784 3853 B
889 3798 923 3853 12
934 3797 1144 3866 intelligentiam
1156 3799 1205 3854 boo
1217 3800 1273 3853 loco
1286 3800 1313 3853 A

252 3883 287 3938 24
310 3883 494 3952 praesentibus
516 3884 546 3938 B
647 3887 681 3939 26
704 3887 773 3940 satis
791 3888 833 3939 est
850 3885 976 3953 probasse
1000 3885 1027 3939 B
1132 3886 1166 3940 30
1184 3892 1249 3954 post
1265 3888 1381 3952 tempta-

252 3970 342 4025 bimus
366 3971 491 4028 odda'tcm
513 3978 552 4027 est
576 3973 607 4026 to
630 3972 697 4028 AB:
724 3986 855 4026 nxrurcrr
879 3986 962 4025 menn
986 3987 1135 4029 sneunous.
1164 3987 1273 4027 merum
1295 3986 1381 4025 xmus

253 4072 371 4112 rnnrrus
391 4059 501 4125 (tercius
519 4060 568 4128 B).

715 4235 920 4245 ——-.-—-—--
