3076 4764
222 276 286 342 240
707 272 864 327 Saluiani

223 465 409 546 praeteritae
430 464 602 544 uoluptatis
620 464 832 544 praesentium
848 463 1053 545 asperitatum
1071 462 1147 527 dura
1161 466 1351 546 conpensant
1460 523 1463 529 ,

224 571 256 633 01
288 570 412 632 reatum
447 569 612 650 longarum
646 567 828 632 deliciarum
862 566 963 632 officio
996 567 1220 650 patrocinantis
1248 569 1352 633 soluat

222 672 364 736 iniuriae.
403 671 455 736 sed
484 670 605 752 qnando
634 670 713 734 haee
741 674 809 734 tam
842 671 975 753 grandia
1008 670 1114 752 iaciat,
1148 671 1253 736 uicino
1286 672 1351 738 iam

171 778 305 848 5000110
330 777 426 840 etiam
448 794 467 839 a
489 774 691 838 mediocrium
713 773 834 838 actione
857 773 1034 838 disclusus?
1056 774 1199 839 crucibus
1215 775 1352 860 denique

222 880 415 944 diuersarum
437 896 659 943 aerumnarum
681 894 768 941 reum
790 875 823 939 in
846 894 902 941 suo
925 894 1049 957 corporo
1079 877 1237 942 hominem
1259 878 1386 945 indere

221 983 294 1047 fidei
317 983 469 1045 seueritas
493 981 684 1064 subiugabit,
708 985 744 1044 ut
764 979 994 1063 indulgentiam
1012 980 1133 1045 scilicet
1147 982 1352 1048 absolutionis

222 1089 365 1152 aeternae
386 1084 560 1167 praesentis
582 1103 697 1166 poenae
720 1083 892 1148 ambitione
914 1090 1080 1149 mereatur.
1112 1087 1165 1149 sed
1189 1084 1351 1152 fatiscente

221 1191 285 1255 iam
309 1206 435 1270 corporo
457 1187 512 1252 ubi
535 1187 688 1253 exercebit
706 1187 910 1253 districtionis
926 1186 1066 1252 officium
1081 1207 1186 1253 censor
1203 1190 1352 1255 animus?

222 1293 271 1357 uti
300 1293 384 1357 enim
413 1292 592 1356 seueritatis
620 1291 752 1356 arbitrio
778 1290 871 1356 iudex
901 1309 961 1355 non
991 1293 1103 1374 potest,
1135 1294 1256 1373 quando
1279 1314 1351 1360 reus

171 1405 210 1470 51
222 1399 287 1463 iam
309 1414 371 1461 non
393 1396 527 1460 sustinet
548 1395 690 1460 iudicari.
723 1414 822 1459 unum
840 1413 912 1478 ergo
928 1399 984 1471 est,
1011 1395 1090 1477 quod
1112 1396 1234 1461 amissis
1251 1399 1387 1463 omni-1⁰

222 1499 281 1565 bus
304 1500 493 1566 adiumentis
522 1504 615 1581 atque
644 1498 793 1563 subsidiis
824 1499 949 1592 nutanti
971 1518 1008 1565 ec
1030 1498 1180 1566 destituto
1203 1502 1352 1582 opitulari
1447 1583 1449 1590 ,

222 1604 324 1687 queat,
348 1606 385 1668 ut
407 1603 567 1686 confugiat
587 1603 710 1667 scilicet
727 1602 765 1666 ad
781 1602 860 1668 illud
882 1602 1057 1667 beatissimi
1072 1603 1211 1669 Danielis
1226 1622 1351 1670 sacrum
1434 1609 1442 1732 p

224 1727 259 1773 ao
287 1708 411 1772 salubre
440 1708 618 1771 consilium:
652 1706 706 1787 qui
728 1706 901 1788 Babylonio
930 1709 997 1790 regi
1024 1707 1142 1773 mederi
1169 1708 1351 1772 00100001-
1441 1751 1443 1770 2

168 1800 181 1835 ³
223 1812 343 1877 ceribus
365 1810 403 1874 de
426 1810 590 1876 offensione
623 1811 790 1876 contractis
817 1811 976 1892 malagma
999 1811 1037 1874 de
1059 1810 1257 1876 miseratione
1280 1828 1351 1874 oon·
1442 1779 1452 1900 l

222 1917 326 1997 posuit
359 1915 479 1979 dicens:
517 1914 676 1997 propter
712 1916 827 1995 quod,
864 1932 944 1991 rex,
983 1915 1197 1982 consilium
1228 1933 1386 1981 meumu

222 2021 383 2102 placeat
405 2017 500 2096 tibi,
523 2021 561 2083 et
582 2018 883 2101 peccatatuain
898 2017 1187 2084 misericordiis
1204 2018 1353 2082 redime

222 2131 259 2193 et
282 2122 514 2190 iniustitias
537 2125 624 2186 tuas
645 2122 688 2188 in
710 2123 988 2186 miserationes
1016 2140 1245 2205 pauperum:
1274 2121 1350 2184 for-

222 2227 439 2294 tasseerit
470 2227 633 2309 patiens
664 2225 847 2292 dominus
876 2225 1039 2291 delictis
1067 2229 1160 2291 tuis.
1199 2226 1246 2289 ita
1277 2243 1350 2308 ergo

172 2335 255 2400 5201
276 2335 336 2398 iste
366 2332 471 2414 faciat,
505 2334 541 2393 ut
570 2329 625 2393 ille
655 2329 744 2393 dixit.
781 2331 892 2394 utatur
915 2328 1141 2395 medicamento
1163 2328 1218 2393 alii
1241 2327 1349 2393 oblato

223 2438 262 2502 ad
285 2455 340 2503 sua
361 2436 503 2515 uulnera,
526 2435 671 2497 uersatur
686 2421 900 2498 contumaciae
914 2431 1142 2497 inoboedientis
1159 2433 1347 2515 exemplum,
1361 2456 1387 2496 ao

223 2541 338 2624 cogitet
360 2540 434 2622 quid
457 2541 523 2620 ipse
544 2538 586 2602 sit
608 2555 756 2619 passurus
779 2537 810 2600 in
833 2540 943 2619 morte,
975 2555 1046 2600 cnm
1069 2537 1178 2601 uideat
1200 2535 1274 2618 quid
1297 2552 1350 2598 rex

223 2645 370 2726 Assyrius
406 2642 573 2724 pertulerit
589 2658 591 2662 ·
607 2643 641 2705 in
678 2642 753 2705 uita.
806 2641 935 2704 euidens
973 2641 1022 2704 est
1059 2641 1097 2704 de
1132 2639 1277 2722 superbia
1313 2655 1351 2701 ac

223 2747 389 2813 rebellione
418 2747 650 2812 documentum.
688 2744 864 2810 consideret
891 2763 930 2808 an
959 2743 1037 2826 ipse,
1058 2746 1093 2808 si
1121 2763 1182 2810 non
1205 2742 1350 2819 audierit,

223 2853 364 2916 mortuus
399 2868 546 2915 euasurus
578 2849 631 2922 sit,
665 2866 737 2912 cum
771 2847 877 2912 uideat
911 2848 992 2929 quod
1025 2866 1078 2912 rer
1106 2847 1171 2924 ille,
1205 2847 1259 2927 qui
1288 2864 1352 2910 non

222 2954 352 3036 audiuit,
380 2972 414 3018 se
441 2955 544 3035 ipsum
575 2953 666 3016 uiuus
697 2950 815 3015 amisit.
853 2950 963 3016 offerat
985 2970 1057 3035 ergo
1081 2952 1131 3016 uel
1153 2950 1297 3014 moriens.
1312 2952 1387 3015 ada

223 3057 415 3124 liberandam
445 3054 482 3120 de
511 3052 698 3137 perennibus
728 3053 834 3135 poenis
864 3055 1002 3119 animam
1032 3072 1132 3134 suam,
1162 3052 1236 3135 quia
1264 3053 1352 3117 aliud

223 3163 286 3227 iam
308 3178 369 3225 non
391 3159 506 3243 potest,
535 3156 643 3223 saltim
665 3156 877 3223 substantiam
906 3176 1004 3235 suam,
1034 3157 1087 3222 sed
1109 3156 1220 3223 offerat
1244 3158 1352 3221 tamen

224 3283 296 3330 eum
319 3262 543 3344 conpunctione
566 3279 635 3326 cum
658 3261 810 3338 lacrimis,
834 3260 1030 3326 offerateum
1047 3259 1350 3326 doloreoumluotu

174 3367 316 3433 53011100
339 3367 452 3449 quippe
475 3366 579 3430 oblata
600 3384 661 3430 uon
687 3366 828 3446 prosunt,
858 3365 1013 3446 quianon
1037 3363 1137 3444 pretio
1160 3362 1214 3428 sed
1236 3361 1352 3427 affectu

328 3579 361 3633 15
384 3580 453 3632 Dan.
472 3579 498 3642 4,
516 3578 550 3632 24

277 3776 293 3828 2
320 3776 472 3830 diliciarum
498 3775 554 3829 AB
656 3776 674 3830 3
697 3775 815 3829 incuriae
838 3773 880 3827 001
906 3774 1041 3828 Baluaias
1144 3773 1162 3825 5
1188 3770 1267 3826 index
1289 3771 1353 3825 fidei

225 3863 427 3918 Rittarsbaaics
526 3862 712 3917 imereantur
728 3862 757 3916 Β
855 3859 1352 3916 8101001100οΔΒο0001010110010

225 3949 368 4013 Halmium
395 3949 480 4015 0101.
505 3949 539 4002 dc
561 3947 831 4017 9011130100,
850 3947 909 4001 crit.
1014 3948 1045 4002 11
1073 3946 1199 4001 distituto
1226 3946 1283 4001 AB

225 4034 260 4090 20
286 4033 466 4103 inobydientis
492 4037 520 4088 A
548 4034 727 4104 inobedientis
753 4033 781 4088 B
819 4054 822 4061 ·
889 4033 924 4086 22
951 4033 1056 4102 esytius
1084 4032 1111 4086 Β
1218 4032 1252 4086 23
1279 4032 1353 4087 doci·

226 4121 346 4174 mentum
368 4120 396 4175 B
416 4127 441 4176 ct
455 4126 553 4189 poca.
571 4121 580 4173 i
600 4127 626 4176 ct
643 4136 663 4175 a.
682 4136 734 4174 sor.
752 4136 787 4175 m.
805 4122 826 4174 2
843 4137 861 4174 0
885 4121 913 4173 A
1016 4119 1050 4173 27
1076 4120 1172 4173 saltem
1199 4135 1232 4174 ca
1259 4118 1352 4172 saltim

226 4222 296 4261 corr.
315 4223 350 4263 m.
369 4209 390 4261 2
406 4207 434 4260 A
536 4206 570 4260 29
587 4207 689 4275 praetio
706 4207 734 4259 A
