3076 4764
536 288 574 342 de
592 286 728 358 gubern.
746 287 798 341 dei
816 287 855 342 VI
872 293 887 352 ξ
903 288 1014 343 45-52.
1278 289 1338 356 139

213 480 591 561 concupiscendum,
613 495 701 542 reus
717 478 776 541 est
798 476 988 542 adulterii
1011 480 1125 543 corde
1148 479 1337 560 concepti,

211 581 393 666 intellegere
423 598 587 663 possumus
616 579 707 661 quod,
736 579 861 646 etiamsi
889 599 937 645 res
960 583 1065 663 turpes
1088 582 1182 662 atque
1205 582 1336 646 damna·

210 683 290 750 biles
321 683 503 749 necessitate
527 701 588 748 non
611 682 745 767 agimus,
774 701 829 765 pro
851 683 921 765 ipsa
942 683 1047 747 tamen
1069 700 1173 749 rerum
1195 683 1337 765 turpium

210 787 376 853 uoluntate
410 787 602 852 damnamur.
641 792 673 852 et
706 786 780 869 quid
813 787 913 852 dicam
943 786 981 852 de
1010 785 1194 852 uoluntate?
1230 804 1336 853 omnes

178 890 287 956 -shaec
309 889 418 969 ferme,
443 908 512 955 cum
535 892 674 972 possunt,
704 889 813 972 agunt.
851 891 982 971 denique
1006 889 1173 954 cuiuslibet
1196 888 1335 954 ciuitatis

209 994 326 1059 incolae
348 993 532 1059 Muenuam
561 996 615 1058 aut
636 993 769 1058 Romam
797 994 946 1072 uenerint,
976 1011 1048 1074 pars
1077 994 1152 1057 sunt
1179 994 1336 1059 Romanae

209 1097 309 1179 plebis
338 1096 372 1162 in
400 1097 479 1162 circo
511 1114 584 1178 pars
617 1097 690 1162 sunt
722 1097 829 1179 populi
852 1096 1045 1161 Rauennatis
1072 1096 1106 1160 in
1129 1095 1260 1161 theatro.
1299 1114 1336 1161 ac

209 1219 264 1282 per
291 1198 350 1265 hoe
378 1217 469 1265 nemo
491 1218 525 1264 se
553 1199 620 1264 loco
649 1201 704 1264 aut
726 1199 868 1264 absentia
890 1201 1071 1262 excusatum
1094 1199 1192 1279 putet.
1229 1215 1335 1264 omnes

210 1301 405 1384 turpitudine
428 1319 532 1366 rernm
554 1318 653 1366 unum
673 1303 757 1382 sunt,
781 1299 834 1381 qui
850 1299 910 1365 sibi
933 1318 1039 1364 rerum
1061 1300 1201 1383 turpium
1224 1302 1335 1367 uolun-

176 1406 276 1472 1otate
314 1404 482 1469 sociantur.
527 1406 560 1467 et
596 1401 778 1467 blandimur
815 1402 903 1467 nobis
940 1402 1066 1486 insuper
1103 1404 1140 1466 de
1177 1403 1335 1485 probitate

209 1526 331 1574 morum
353 1507 533 1571 blandimur
549 1507 586 1571 de
609 1503 841 1586 turpitudinum
863 1504 1002 1571 raritate.
1034 1523 1089 1586 ego
1104 1505 1239 1587 amplius
1254 1503 1388 1584 dico,50

209 1629 271 1676 non
292 1612 395 1676 solum
417 1609 468 1693 agi
490 1627 575 1674 nuuc
603 1608 676 1673 illas
709 1607 901 1674 ludicrorum
931 1606 1096 1673 infamium
1124 1608 1220 1693 labes,
1255 1628 1335 1693 qnae

209 1715 295 1796 prius
317 1717 406 1780 actae
428 1714 511 1788 snut,
535 1713 587 1778 sed
611 1713 806 1778 criminosius
828 1713 930 1778 multo
948 1711 999 1795 agi
1022 1729 1114 1793 quam
1137 1713 1224 1796 prius
1247 1717 1334 1780 actae

209 1820 290 1883 sunt.
328 1818 404 1883 tunc
439 1815 524 1881 enim
556 1818 680 1899 integra
713 1817 845 1881 Romani
880 1815 963 1880 orbis
997 1817 1138 1880 membra
1170 1815 1333 1896 florebant,

177 1924 344 2002 raangusta
367 1938 430 1984 esse
453 1919 563 1985 horrea
585 1919 727 2002 publicae
749 1937 821 2001 opes
837 1919 984 1996 fecerant,
1009 1921 1193 1984 cunctarum
1207 1919 1335 1985 urbium

210 2023 293 2088 ciues
331 2021 452 2087 diuitiis
483 2039 518 2086 ac
548 2022 668 2087 deliciis
705 2021 888 2099 affluebant,
927 2026 979 2088 uix
1015 2023 1138 2105 poterat
1174 2023 1334 2106 religionis

208 2125 374 2192 auctoritas
407 2126 489 2190 iuter
522 2128 645 2190 tantam
678 2144 783 2190 rerum
812 2125 1048 2191 exuberantiam
1077 2144 1199 2190 morum
1228 2127 1333 2191 tenere

209 2246 382 2295 censuram.
413 2228 622 2310 pascebantur
643 2229 770 2311 quidem
792 2231 870 2293 tunc
891 2230 1011 2310 passim
1034 2231 1065 2294 iu
1087 2228 1163 2293 locis
1186 2229 1332 2309 plurimis
1342 2221 1392 2299 51,

208 2333 327 2397 actores
350 2333 491 2413 turpium
514 2331 723 2413 uoluptatum,
746 2334 801 2396 sed
816 2332 909 2413 plena
923 2350 959 2396 ao
981 2331 1094 2395 referta
1109 2332 1214 2396 omnia
1228 2335 1332 2397 erant:

174 2452 296 2500 sonemo
330 2440 472 2517 sumptus
506 2437 549 2500 rei
577 2434 721 2516 publicae
750 2437 906 2519 cogitabat
939 2454 1028 2500 nemo
1057 2435 1228 2518 dispendia,
1259 2437 1332 2517 quia

205 2556 267 2603 non
301 2539 493 2603 sentiebatur
530 2557 669 2621 expensa.
716 2536 886 2620 quaerebat
923 2521 1148 2619 ouodammodo
1181 2537 1250 2620 ipsa
1285 2556 1332 2602 res

205 2640 330 2723 publica
361 2640 416 2706 nbi
447 2643 599 2723 perderet,
635 2641 716 2722 quod
745 2642 867 2722 penitus
896 2642 960 2706 iam
982 2642 1119 2724 recipere
1141 2644 1193 2706 uix
1215 2646 1329 2724 posset.

206 2743 237 2807 et
258 2743 328 2808 ideo
352 2745 496 2810 cumulus
521 2744 713 2822 diuitiarum,
743 2745 797 2827 qui
825 2744 891 2810 iam
913 2744 977 2809 fere
999 2746 1127 2810 modum
1151 2748 1330 2825 excesserat,

207 2845 302 2912 etiam
331 2847 364 2910 in
396 2866 446 2912 res
474 2848 655 2929 nugatorias
684 2848 887 2913 redundabat.
926 2866 1009 2913 nunc
1037 2850 1142 2914 autem
1172 2852 1245 2932 quid
1268 2842 1384 2913 dieite

173 2952 332 3031 upotest?
364 2952 557 3016 recesserunt
579 2970 598 3016 a
621 2950 709 3016 nobis
725 2952 832 3035 copiae
847 2954 968 3017 ueteres
985 2956 1178 3017 recesserunt
1192 2954 1332 3035 priorum

206 3055 378 3138 temporum
410 3055 584 3133 facultates,
614 3054 722 3120 miseri
749 3056 813 3119 iam
841 3075 949 3121 snmus
978 3060 1009 3120 et
1039 3056 1172 3122 necdum
1195 3073 1330 3138 nugaces

206 3173 271 3221 esse
302 3177 470 3224 cessamus.
510 3177 642 3241 cumque
676 3159 773 3224 etiam
801 3160 931 3242 pupillis
961 3160 1099 3242 prodigis
1128 3159 1228 3224 soleat
1258 3159 1330 3223 sub-

205 3260 311 3326 uenire
332 3267 508 3346 paupertas,
531 3263 686 3344 simulque
701 3263 738 3326 nt
753 3262 936 3327 destiterint
954 3281 1020 3328 esse
1036 3263 1161 3347 diuites,
1185 3262 1330 3327 desinant

254 3446 370 3515 ‘datque
386 3448 415 3501 Β
432 3463 452 3501 e.
472 3448 489 3501 l.
593 3448 610 3500 5
635 3450 754 3516 aguntur
778 3448 805 3501 Β
910 3449 940 3503 11
967 3447 1121 3502 blandimur
1138 3447 1215 3502 nobis
1234 3447 1261 3501 B

206 3529 237 3583 14
253 3529 382 3586 Romanis
399 3533 426 3586 B
442 3538 505 3587 m.1
609 3533 684 3587 urbis
702 3534 729 3586 A
833 3534 865 3587 lt
883 3533 1084 3588 exuberantium
1103 3534 1131 3587 B
1234 3534 1267 3588 19
1285 3549 1329 3587 au-

204 3616 288 3670 utores
313 3617 341 3671 Β
442 3619 475 3673 21
497 3635 538 3673 res
558 3619 619 3687 ipsa
637 3619 745 3688 publica
767 3619 793 3672 Β
895 3619 929 3673 22
953 3621 1060 3688 penitus
1078 3620 1125 3689 qui
1143 3621 1198 3675 iam
1215 3620 1264 3674 sed
1280 3619 1331 3674 sub

204 3717 238 3770 qn
255 3704 356 3759 linteolo
373 3705 459 3760 dacto
475 3722 509 3760 m.
523 3708 543 3759 2
560 3706 587 3760 A
592 3727 603 3775 ,·
628 3705 675 3775 qui
692 3706 763 3760 allud
779 3706 871 3760 statim
884 3712 949 3775 post
967 3706 1125 3761 diuitiarum
1143 3710 1175 3761 o'oc
1192 3707 1250 3762 eod.
1269 3707 1328 3763 cod.

203 3787 292 3859 decea-
311 3791 423 3846 aidum
436 3808 497 3863 erpo
516 3808 530 3846 e
546 3809 633 3862 morp.
651 3793 760 3847 oculose
777 3793 808 3846 tu
826 3792 914 3847 locum
931 3807 988 3848 ooo
1005 3808 1086 3848 suom
1172 3795 1256 3862 possit
1274 3795 1328 3848 iam

203 3874 247 3927 nix
264 3876 379 3945 recipere
396 3877 423 3930 B
519 3875 554 3930 25
570 3879 674 3930 ueteres
692 3892 726 3930 es
744 3877 844 3931 ueteris
862 3877 889 3931 A
907 3892 977 3933 corr.
996 3882 1063 3933 Μ
1157 3878 1190 3933 27
1209 3880 1329 3950 prodigis

203 3959 339 4031 (prodigus
361 3962 388 4014 A
411 3979 445 4015 m.
463 3967 489 4028 1)
513 3963 556 4016 nel
579 3963 739 4032 prodigiosis
762 3963 908 4031 Aliost.)
938 3964 1067 4033 ‘prodigis
1091 3966 1236 4021 Baloeios‘
1255 3968 1328 4022 Hol-

115 4111 120 4120 .
201 4047 287 4114 miae5
304 4049 337 4102 iu
354 4064 414 4101 meo
431 4048 544 4103 Bolozii
561 4048 681 4103 editione
698 4055 800 4118 quarta
818 4053 928 4105 a.1743
947 4057 986 4105 est
1004 4053 1087 4107 etiam
1102 4054 1189 4123 glossa
1207 4055 1250 4108 uel
1268 4071 1327 4122 pro-

202 4130 315 4202 digiosis
419 4134 453 4187 28
479 4135 632 4188 destiterint
656 4151 690 4189 eoo
712 4135 775 4188 dist.
799 4137 827 4188 A
850 4152 920 4191 corr.
939 4154 972 4191 m.
993 4143 1009 4192 1
1112 4140 1240 4194 desinunt
1266 4140 1329 4194 libri

201 4217 274 4283 ‘sort
294 4218 426 4274 desinant’
445 4220 582 4284 Halmius,
601 4220 673 4288 qood
691 4222 811 4288 recipere
828 4237 887 4277 ooo
905 4222 1032 4279 micat
1098 4229 1111 4241 ⁶
