3076 4764
223 264 284 339 148
701 266 856 324 Sa'lniani

221 462 337 528 talibus
349 454 581 542 ecnpnmeet:
603 458 691 541 quia
711 457 1196 541 sopor-bomini·inrueret
1217 465 1338 542 snper

222 581 292 630 cosa
329 579 418 647 sopor
433 563 557 645 ,quippe
584 557 768 639 infunditur,
791 563 833 630 :nt
858 560 992 643 perditio
1013 560 1228 645 subsequatur.
1266 568 1338 630 oum

221 666 313 745 eninr,
330 666 378 731 ut
407 664 558 747 scriptum
580 663 643 741 est,
674 662 837 745 conplete
865 663 1085 746 iniquitatibus
1105 665 1171 730 suis
1192 668 1338 749 peccator

179 760 203 785 ·’
221 769 295 852 quis·
311 770 448 835 meretnr
466 768 633 850 utpereat,
652 765 852 848 prouidentia
866 767 907 832 ab
923 786 958 833 eo
972 767 1105 846 tollitur,
1127 766 1336 851 nepcritnnrs

221 871 340 936 eredat.
370 870 513 937 sod‘heee
527 870 685 937 noenu.
706 869 952 951 satis·enirn,··ut
965 869 1110 950 arbitror,
1127 871 1213 955 >quod
1227 888 1338 956 propo·
1357 889 1373 933 s

221 974 271 1040 sni
291 975 453 1043 euidenter
465 973 605 1049 «ostendi,
625 992 671 1040 no*
686 973 720 1038 in
740 972 1012 1057 summoqnidem
1033 992 1138 1040 rernm
1159 973 1338 1041 discrimine

220 1092 354 1144 cessasse
375 1092 523 1160 umquam
535 1075 625 1143 :uitia
646 1075 771 1141 oinium
784 1094 881 1159 usque
902 1076 943 1141 ad.
962 1075 1083 1142 oxcidia
1105 1077 1281 1143 enitatum.

170 1201 211 1266 82
261 1196 329 1263 XV.
359 1196 456 1281 Atqui
484 1196 559 1264 haec
586 1195 715 1263 fuerunt
739 1196 888 1276 ·fortesse,
923 1197 987 1263 ium
1008 1216 1068 1263 non
1095 1198 1169 1262 sont
1189 1200 1245 1262 aut
1266 1215 1337 1263 um-

220 1319 312 1385 quam
328 1302 394 1366 esse
408 1300 581 1367 cessabunt.
604 1297 891 1382 usercensibus
912 1299 1024 1365 adhuc·
1036 1299 1126 1366 bodie
1148 1302 1205 1366 aut
1225 1299 1337 1365 onitas

197 1412 200 1419 ’
220 1404 275 1470 aut
291 1403 454 1486 vprouincia
474 1402 527 1469 oei
546 1401 652 1488 plagis
675 1400 861 1470 caelestibus
883 1402 1023 1469 caeditur
1036 1404 1088 1468 uel
1108 1402 1216 1469 hostili
1227 1415 1374 1487 'popu-10

219 1505 335 1572 latione
368 1505 509 1572 uastatur
542 1505 734 1589 humiliatur,
752 1505 964 1572 conuertitur
991 1505 1182 1586 emendatur,
1215 1507 1248 1571 et
1267 1523 1336 1571 -non

220 1610 345 1674 cunctos
367 1607 464 1675 fermo
479 1607 612 1674 Romani
626 1608 760 1674 nominis
780 1609 909 1693 populos
924 1608 1008 1692 prins
1023 1610 1071 1675 est
1091 1609 1220 1676 interire
1243 1625 1337 1691 quam

221 1711 343 1795 corrigi,
356 1729 427 1777 'non
447 1710 533 1794 prins
554 1711 638 1795 ipsos
658 1730 752 1794 quem
774 1713 807 1777 in
828 1701 906 1794 ipsis
928 1712 1008 1778 uitia
1022 1700 1085 1777 non
1100 1729 1173 1777 esse.
1204 1710 1336 1792 deniqne

220 1815 359 1881 breuiter
379 1812 411 1880 id
432 1813 556 1898 probari
583 1814 686 1897 potest
712 1813 815 1880 excisa
842 1817 890 1879 ter
911 1814 1102 1880 continuatis
1124 1811 1335 1879 enersionibus

220 1934 345 1984 summa
365 1919 442 1983 nrbe
457 1915 626 1996 Gallorum,
650 1935 781 2000 cumque
805 1918 904 1983 omnis
927 1919 1039 1983 ciuitas
1061 1916 1371 1992 combusteosset,1o

170 2023 210 2088 83
220 2020 313 2086 malis
341 2020 468 2102 etpost
495 2019 614 2085 excidia
641 2019 858 2086 crescentibus.
896 2036 968 2086 nam
997 2036 1072 2102 quos
1099 2018 1199 2085 bostis
1226 2018 1259 2083 in
1281 2035 1335 2082 er·

220 2123 302 2191 citio
324 2143 385 2191 non
398 2122 564 2203 occiderat,
586 2127 657 2207 post
672 2123 824 2188 excidium
839 2123 1001 2189 calamites
1016 2122 1176 2202 obruebat,
1199 2138 1270 2185 oum
1290 2118 1335 2197 id,

221 2226 303 2311 qnod
323 2227 357 2293 in
379 2225 496 2292 excidio
519 2228 660 2292 euaserat
680 2225 784 2306 morbi,
813 2227 884 2309 post
905 2225 1058 2292 excidium
1079 2243 1141 2290 non
1163 2225 1338 2306 superesset

169 2339 172 2343 ’
221 2325 403 2393 calamitati.
434 2325 609 2392 aliosenim
629 2325 772 2410 inpressa
790 2325 886 2392 altiss
907 2325 1038 2392 uulnera
1059 2326 1161 2410 longis
1184 2326 1335 2392 mortibus

220 2429 384 2507 necabant,
407 2429 484 2494 alios
496 2428 665 2494 'ambustos
686 2428 824 2494 bostium
845 2429 980 2494 flammis
999 2427 1096 2495 otiam
1110 2431 1181 2511 post
1194 2429 1372 2495 fiammaee

206 2524 209 2529 ’
220 2551 317 2615 poene
338 2531 511 2616 torquebat.
537 2531 605 2596 ¹elii
625 2531 796 2598 interibant
819 2532 900 2596 fame
923 2531 978 2597 alii
995 2531 1148 2611 nuditate,
1170 2533 1226 2599 alii
1247 2531 1335 2597 tabe·

221 2639 340 2701 scentes
355 2635 410 2700 alii
431 2635 578 2717 rigentes,
602 2652 639 2700 ac
653 2634 744 2700 sicin
765 2653 863 2700 unum
885 2634 1003 2700 exitum
1017 2635 1128 2701 mortis
1143 2653 1198 2717 per
1213 2633 1335 2701 diuersa

170 2741 212 2808 84
220 2736 372 2802 moriondi
404 2754 517 2820 genera
549 2737 748 2803 conruebant.
786 2736 920 2818 etquid
950 2737 1064 2820 plura?
1096 2736 1214 2804 excidio
1243 2737 1335 2803 nnius

220 2837 307 2903 urbis
329 2838 555 2921 adfligobentur
577 2857 697 2921 quoquo
718 2839 797 2906 aliae
820 2839 979 2906 ciuitates.
1015 2839 1159 2906 ieooonn
1180 2840 1336 2923 siquidem

220 2940 347 3024 passim,
376 2940 464 3023 qnod
478 2941 545 3022 ipse
566 2941 633 3006 uidi
655 2942 753 3024 etque
776 2942 919 3017 sustinui,
947 2942 1109 3026 utriusque
1131 2961 1220 3008 sexus
1243 2943 1371 3008 eden

220 3059 296 3108 uera
317 3046 400 3109 nuda
420 3043 532 3124 locere,
562 3042 651 3109 urbis
678 3044 780 3110 oculos
802 3044 989 3110 incestantia
1010 3043 1120 3111 auibus
1143 3045 1334 3129 canibusque

220 3146 347 3213 laniata.
375 3146 443 3213 lues
458 3150 527 3211 orat
545 3147 721 3213 uiuentium
734 3147 831 3213 foetor
853 3147 995 3214 funereus
1018 3151 1229 3214 mortuorum:
1253 3166 1336 3213 mors

307 3331 584 3407 rumen
685 3331 840 3408 eme

273 3504 378 3573 iqnia
403 3519 453 3559 oco.
480 3501 509 3557 B
619 3503 799 3571 boompletis
826 3517 859 3558 cc
885 3501 1024 3572 cumpletis
1051 3505 1079 3558 A
1104 3515 1173 3558 corr.
1199 3506 1268 3559 cul

221 3588 424 3643 iexcidint
502 3589 607 3657 Setqui
625 3588 781 3644 Hortciiue:
800 3591 880 3658 atque
897 3588 1084 3647 ABHoimtce
1168 3586 1336 3643 boessabant

220 3690 303 3742 saper
320 3690 336 3727 a
348 3679 449 3742 poster.
467 3691 486 3727 u
502 3689 553 3728 scr.
569 3690 605 3729 m.
622 3687 674 3729 rec.
692 3674 721 3728 A
806 3674 839 3729 10
855 3664 1035 3741 prountia'A
1087 3667 1089 3674 '
1122 3672 1151 3726 11
1172 3671 1337 3728 conuertitur

222 3774 257 3813 ccc
269 3760 355 3812 tetur
366 3759 394 3812 A
405 3773 474 3812 corr.
486 3774 521 3813 ca.
533 3761 563 3827 et,
576 3758 650 3814 toicm
660 3759 752 3816 natm
762 3760 873 3830 populos
885 3775 920 3814 ca
931 3759 988 3815 ·lus
1079 3760 1112 3813 12
1123 3758 1274 3815 interni-B¹

222 3844 256 3898 14
273 3843 380 3898 ‘acino
399 3843 514 3899 Thauri
529 3845 584 3899 ecio
601 3861 640 3900 oco
655 3849 735 3901 rccte’
758 3846 889 3900 Halmius.
988 3845 1021 3901 15
1045 3860 1155 3914 cumque
1178 3845 1336 3902 Honorio:

222 3945 280 3984 cnm
297 3928 487 3984 ABHolmc'ac
589 3930 697 3985 bustum
712 3932 741 3986 B
786 3936 789 3942 “
837 3931 872 3986 20
889 3930 1039 3987 combustos
1056 3932 1083 3986 A
1186 3930 1219 3986 25
1236 3932 1335 4000 passim

221 4016 249 4071 B
265 4015 318 4071 ai.
410 4014 467 4068 nidi
484 4018 565 4086 atque
582 4031 617 4072 cer
633 4017 722 4072 uideat
738 4031 806 4086 quae
823 4017 850 4070 A
867 4032 937 4073 corr.
953 4020 1019 4073 Μ
1112 4015 1146 4070 26
1163 4015 1237 4070 urbis
1253 4016 1335 4072 setin

220 4108 287 4158 met.
304 4103 368 4156 ino
388 4117 423 4157 m.
441 4103 461 4156 2
478 4104 504 4156 A
591 4103 764 4159 incessantis
788 4104 816 4159 A
917 4104 952 4160 ab
972 4103 1068 4159 auibus
1085 4103 1243 4173 suspicatur
1259 4104 1336 4161 Hor·

222 4187 303 4242 telius
321 4187 385 4254 sort.
404 4190 475 4240 recte
