3076 4764
494 282 532 338 de
549 282 685 352 gubern.
703 282 759 337 dei
775 281 835 338 1111
853 287 869 348 5
887 282 998 337 58-64.
1267 285 1307 351 87

181 480 240 541 nos
259 475 326 540 sine
355 475 586 557 comparatione
611 472 773 539 meliores:
806 475 959 556 quantum
982 472 1022 537 ad
1044 473 1144 538 uitam
1167 475 1309 541 ocultae

181 579 280 663 actm,
303 575 391 643 doleo
415 595 452 643 ao
473 578 590 662 plango
612 594 678 643 esse
700 577 830 659 peiores.
862 577 1007 658 quamuis
1021 575 1054 641 id
1068 574 1173 658 ipsum
1189 578 1308 656 tamon,

180 683 218 746 nt
239 683 313 747 ante
335 679 401 746 iam
429 679 580 759 diximus,
612 697 675 745 non
703 680 741 744 de
770 679 854 744 omni
883 679 1008 762 penitus
1036 678 1170 744 Romani
1200 681 1310 764 populi

181 783 386 850 uniuersitate
410 785 551 849 dicamus
566 781 741 866 —excipio
763 783 847 847 onim
862 781 1000 865 primum
1016 799 1122 847 omnes
1137 781 1308 867 religiosos,
1319 781 1361 848 62

159 886 293 954 rdeinde
320 887 487 953 nonnullos
517 887 613 953 etiam
641 886 814 954 saeculares
842 883 999 970 religiosis
1026 889 1204 969 persecut,
1228 885 1310 952 siid

181 989 276 1067 nimis
299 990 417 1074 grande
439 989 497 1067 est,
521 990 627 1072 aliqua
649 990 755 1055 tomen
777 988 932 1072 religiosis
960 988 1160 1057 honestorum
1182 991 1311 1057 actuum
1385 1011 1391 1026 ·

181 1092 336 1176 probitate
359 1094 590 1159 consimiles-
602 1093 718 1159 ceteros
740 1110 813 1158 uero
829 1092 885 1157 aut
899 1109 1006 1157 omnes
1021 1093 1077 1158 aut
1091 1111 1188 1175 paene
1204 1112 1311 1161 omnes

181 1196 283 1280 magis
309 1214 380 1263 reos
410 1213 476 1262 esse
504 1215 598 1279 quam
625 1194 784 1262 barbaros.
822 1195 882 1262 hoo
910 1199 959 1260 cst
987 1196 1094 1261 autem
1124 1195 1310 1262 deteriorem

184 1317 249 1365 esse
270 1299 374 1384 magis
397 1318 486 1364 reum
502 1318 578 1366 esse.
600 1297 707 1382 itaque
722 1299 796 1382 quia
810 1297 955 1364 nonnulli
976 1297 1197 1364 inrationabile
1217 1300 1312 1384 atque

147 1403 352 1469 roabsurdum
375 1401 570 1468 arbitrantur
592 1405 628 1466 ut
655 1403 711 1467 eut
726 1401 894 1467 deteriores
909 1403 965 1467 aut
980 1419 1043 1467 non
1055 1402 1193 1468 multum
1216 1405 1311 1471 etiam

181 1505 326 1572 meliores
348 1503 488 1570 barbaris
511 1505 695 1585 iudicemur,
718 1504 892 1588 uideamus,
916 1508 952 1570 nt
975 1503 1048 1584 dixi,
1073 1509 1128 1571 aut
1143 1507 1311 1588 quomodo

182 1611 237 1677 ant
264 1609 376 1693 quibus
404 1608 553 1676 barbaris.
591 1627 647 1691 ogo
679 1608 763 1673 enim
785 1610 910 1690 praetor
932 1625 982 1673 eos
1003 1610 1223 1676 tantummodo
1245 1607 1363 1676 Ito-63

182 1731 356 1791 manorum,
380 1729 456 1795 quos
478 1712 569 1795 paolo
593 1713 686 1777 antea
707 1711 877 1786 nominaui,
907 1714 1025 1776 cetoros
1046 1716 1103 1778 aut
1125 1731 1233 1780 omnes
1255 1717 1311 1781 aut

182 1833 280 1900 paene
307 1834 414 1880 omnes
443 1814 569 1881 maioris
599 1817 705 1880 reatus
733 1813 803 1879 dico
826 1817 858 1879 et
881 1812 1105 1881 criminosioris
1135 1818 1221 1882 uitae
1243 1835 1311 1883 esse

148 1935 278 2001 nquam
300 1918 459 1984 barbaros.
489 1917 633 1983 irasceris
656 1916 788 1989 forsitan
810 1917 864 2001 qui
879 1917 955 1983 haec
978 1916 1057 2001 logis
1073 1919 1105 1984 et
1126 1920 1312 1986 condemnas

182 2021 308 2107 insuper
334 2040 414 2105 quae
442 2021 532 2104 legis.
570 2039 631 2087 non
658 2019 780 2103 refugio
809 2038 970 2086 censuram
993 2023 1091 2087 tuam.
1130 2022 1311 2107 condemna,

183 2122 377 2204 simentior¹
400 2124 582 2199 condemna,
607 2124 712 2190 sinon
734 2125 913 2207 probauero,
937 2125 1117 2202 condemna,
1140 2127 1167 2192 si
1181 2127 1215 2192 id
1231 2126 1312 2209 quod

183 2230 291 2295 adsero
313 2245 373 2293 non
412 2227 493 2293 tiam
513 2228 686 2310 scripturas
708 2245 813 2292 sacras
828 2227 941 2296 dixisse
956 2229 1182 2293 monstrauoro.
1214 2226 1366 2311 igitur64

184 2330 239 2414 qui
260 2331 407 2397 meliores
429 2349 485 2395 nos
507 2330 609 2396 multo
632 2330 758 2394 cunctis
776 2348 856 2412 quae
878 2333 953 2395 sunt
974 2329 1009 2395 in
1027 2330 1141 2396 mundo
1164 2330 1313 2416 gentibus

148 2433 358 2500 »iudicamus
379 2452 435 2499 nec
456 2433 532 2516 ipse,
562 2433 617 2517 qui
638 2434 795 2499 Romanos
817 2432 886 2497 dico
911 2433 945 2497 in
964 2432 1112 2514 plurimis
1134 2432 1315 2512 doteriores·

183 2537 301 2622 abnego
329 2537 365 2601 in
392 2535 580 2619 quibusdam
608 2555 674 2602 esse
701 2535 858 2600 meliores.
894 2534 964 2600 uita
992 2536 1090 2615 enim,
1121 2538 1158 2602 ut
1181 2537 1259 2616 dini,
1281 2540 1314 2603 et

183 2640 317 2722 peccatis
339 2658 449 2706 sumus
470 2640 649 2716 deteriores,
672 2639 741 2723 lege
758 2642 864 2704 autem
883 2637 1039 2705 catholica
1061 2638 1129 2705 sine
1152 2657 1314 2722 compara·

183 2742 270 2815 tione
297 2741 453 2809 meliores.
491 2743 546 2809 sed
575 2741 656 2806 illud
679 2739 938 2807 considerandum
961 2745 1025 2823 est,
1049 2743 1138 2825 quia,
1161 2746 1242 2826 qnod
1263 2743 1314 2811 len

183 2843 267 2910 bona
280 2845 338 2922 est,
362 2847 505 2911 nostrum
520 2864 581 2911 non
596 2848 654 2922 est,
673 2845 756 2927 quod
773 2848 879 2909 autem
895 2846 979 2910 male
995 2844 1145 2924 uiuimus,
1169 2848 1313 2911 nostrnm

150 2950 242 3013 aest.
280 2953 312 3013 et
334 2947 413 3014 nihil
435 2949 545 3031 utique
568 2948 660 3013 nobis
688 2947 816 3030 prodest
838 2948 920 3030 quod
942 2949 992 3013 lex
1016 2950 1064 3014 est
1087 2951 1174 3028 bona,
1196 2948 1225 3014 si
1246 2948 1316 3014 uita

185 3051 292 3116 nostra
314 3051 347 3116 et
370 3052 563 3119 conuersatio
586 3071 648 3118 non
671 3056 718 3117 cst
740 3053 836 3130 bona;
859 3052 910 3118 lex
933 3054 1015 3120 enim
1040 3054 1120 3120 bona
1136 3072 1249 3119 munus
1265 3057 1314 3119 est

184 3152 313 3233 Christi,
337 3154 406 3219 uita
427 3159 534 3221 autem
555 3173 617 3221 non
639 3156 721 3222 bona
740 3155 879 3221 oriminis
895 3159 1004 3222 nostri.
1026 3156 1124 3221 immo
1139 3155 1198 3222 hoo
1212 3157 1314 3241 magis

185 3256 356 3340 culpabiles
384 3275 510 3339 sumus,
539 3258 567 3322 si
594 3257 700 3343 legem
727 3259 843 3324 bonam
874 3258 1004 3324 colimus
1026 3259 1058 3324 et
1079 3257 1156 3323 mali
1180 3258 1316 3323 cultores

190 3539 198 3546 ·
237 3528 252 3582 1
279 3529 411 3597 qnantum
434 3530 524 3584 autem
548 3529 577 3583 Β
681 3527 767 3583 uitam
791 3544 823 3584 ac
841 3529 1082 3596 (sedecimas.)
1105 3528 1147 3583 A:
1174 3528 1314 3583 uitamad

183 3613 212 3668 Β
224 3613 285 3682 (Tr)
306 3615 393 3670 uitam
404 3618 433 3669 et
445 3615 522 3670 odico
533 3615 810 3686 mcoBrossiconos
829 3614 916 3670 uitam
927 3618 957 3670 et
968 3614 1098 3670 Halmius
1190 3615 1207 3669 6
1225 3615 1316 3685 aliqua

184 3699 213 3754 Β
235 3714 304 3756 corr.
323 3717 358 3756 ec
380 3700 480 3771 aliquis
575 3704 694 3757 actuum
719 3701 893 3756 honestorum
919 3700 948 3755 Β
1051 3701 1072 3755 7
1095 3701 1204 3756 ceteros
1222 3703 1313 3756 anam

184 3801 276 3841 omnes
298 3787 327 3841 Β
344 3789 495 3843 m.1o'tcm
510 3788 607 3844 statim
629 3803 695 3857 pene
719 3786 807 3842 omnis
911 3786 945 3841 14
967 3786 1077 3842 maioris
1100 3801 1135 3842 cos
1157 3786 1271 3842 maiores
1288 3793 1316 3842 et

183 3872 212 3925 A
237 3878 266 3927 ct
290 3873 319 3928 Β
345 3887 416 3928 corr.
442 3889 477 3932 m.
502 3877 521 3928 2
603 3894 606 3899 ·
650 3872 840 3929 criminosioris
868 3889 902 3928 ox
930 3888 986 3927 ·res
1013 3872 1041 3928 A
1067 3887 1137 3930 corr.
1163 3889 1197 3928 aa
1226 3875 1247 3928 2

184 3956 277 4013 16.17
295 3958 471 4027 condempno·
489 3963 531 4012 ter
548 3958 576 4012 A
603 3959 780 4028 condempnas
797 3963 840 4014 ter
857 3958 886 4013 Β
982 3957 1017 4012 20
1034 3957 1199 4027 implnrimis
1218 3957 1315 4013 deteri·

184 4043 276 4098 oribus
298 4044 327 4097 A
429 4044 773 4114 saqrodmn.13m1
877 4044 912 4098 24
934 4059 988 4099 non
1012 4044 1078 4100 Bo.
1096 4047 1113 4101 l.
1216 4044 1252 4098 25
1274 4060 1316 4099 eu

184 4129 256 4186 nihil
273 4131 309 4196 A,
335 4129 425 4196 facisse
442 4120 555 4186 uidcor
572 4146 605 4185 en
701 4132 735 4186 26
749 4146 803 4200 pro
821 4133 850 4185 et
866 4131 894 4185 A
911 4130 935 4184 si
952 4146 974 4184 s.
991 4130 1009 4185 l.
1027 4133 1101 4185 Μ
1199 4132 1241 4185 est
1259 4144 1314 4184 mu·

185 4218 256 4272 neris
274 4216 303 4271 Β
1317 4227 1319 4230 ’
