3098 4770
641 293 788 361 epistola
811 292 903 347 VIIII.
1271 296 1335 361 219

208 500 270 548 non
292 481 413 562 patitur
435 480 550 563 adfligi,
579 481 776 565 indulgentia
803 482 921 547 scilicet
942 483 1078 567 piissimi
1101 487 1133 548 et
1158 483 1334 549 mollissimi

208 585 306 669 patris
329 584 490 649 nobiscum
521 603 625 668 agens,
654 585 707 666 qui
730 586 830 667 magis
854 585 923 650 uult
945 603 999 651 nos
1022 588 1055 651 in
1076 606 1152 669 pace
1174 588 1206 651 et
1227 587 1333 668 quiete

208 690 303 754 fidem
333 691 472 753 nostram
502 689 659 772 religionis
691 687 836 769 operibus
866 690 1027 754 ostendere
1057 708 1149 772 qnam
1172 689 1206 752 in
1228 708 1332 772 perse·

209 790 333 856 cutione
366 793 471 873 poenis
506 795 681 854 nostrorum
716 808 876 872 corporum
914 791 1111 874 conprobare.
1149 793 1180 856 et
1208 794 1276 857 ideo
1306 791 1334 856 si

188 899 284 959 stunc
307 894 335 957 ei
357 893 402 956 nil
425 893 659 975 praeferendum
682 896 737 974 est,
761 897 881 976 quando
902 893 1065 958 nobiscum
1089 912 1195 976 aspere
1217 894 1331 976 agitur,

208 1016 247 1062 ne
280 1001 356 1062 tunc
388 998 513 1077 quidem
547 996 695 1077 praeferri
730 996 828 1072 debet,
863 998 985 1078 quando
1018 1016 1073 1079 per
1104 998 1333 1080 indulgentiam
1374 983 1375 989 ἵ

208 1101 278 1184 plus
306 1102 451 1165 moretur.
490 1099 543 1163 sed
572 1099 648 1163 haec
677 1100 732 1163 alii
754 1100 888 1181 tempori
911 1103 1013 1182 magis
1036 1104 1228 1184 congruunt:
1251 1120 1334 1166 nunc

209 1205 287 1287 quod
319 1206 474 1284 coepimus
504 1222 699 1283 exequamur.
737 1204 847 1267 uidens
874 1203 972 1285 igitur
994 1205 1127 1286 scriptor
1149 1204 1211 1287 ille,
1241 1223 1333 1286 quem
1365 1203 1385 1266 9

208 1307 352 1384 diximus
376 1326 485 1389 graues
504 1310 596 1386 atque
611 1305 805 1389 multiplices
821 1305 1066 1372 Christianorum
1081 1327 1179 1391 paene
1194 1309 1333 1372 omnium

174 1411 330 1476 1omorbos
366 1414 459 1490 atque
484 1427 502 1474 a
524 1411 643 1473 cunctis
674 1409 707 1472 in
738 1410 869 1474 ecclesia
900 1411 1009 1492 positis
1043 1429 1103 1474 non
1137 1411 1236 1476 solum
1272 1429 1332 1475 non

207 1513 350 1596 postponi
380 1513 484 1577 omnia
513 1514 586 1594 deo,
616 1513 668 1576 sed
691 1530 786 1595 prope
810 1515 922 1576 cuncta
942 1515 1089 1596 praeponi
1113 1537 1168 1577 -ε
1204 1534 1277 1579 nam
1300 1518 1332 1580 et

207 1616 320 1681 ebriosi
349 1616 381 1679 in
409 1616 610 1680 ebrietatibus
640 1616 733 1680 deum
762 1634 905 1698 spernere
934 1617 1082 1681 uidentur
1111 1621 1142 1681 et
1171 1617 1276 1698 cupidi
1299 1619 1332 1683 in

209 1719 378 1800 cupiditate
402 1724 432 1784 et
459 1719 609 1800 impudici
640 1722 671 1783 in
703 1719 832 1784 libidine
863 1722 894 1785 et
923 1720 1045 1785 ementi
1074 1721 1107 1783 in
1138 1720 1331 1798 erudelitate,

209 1826 240 1886 et
261 1824 294 1886 in
316 1822 364 1885 his
388 1822 531 1888 omnibns
554 1841 649 1904 paene
671 1841 793 1901 omnes,
825 1825 917 1904 atque
945 1824 1003 1887 hoc
1024 1841 1058 1888 eo
1080 1826 1223 1906 grauius,
1252 1826 1332 1904 quod

174 1943 269 1991 1511011
291 1926 390 1989 solum
413 1926 491 1989 haec
510 1945 565 2008 per
588 1926 687 1989 scelus
709 1926 937 1991 atrocissimum
959 1928 1012 1991 diu
1034 1927 1255 2008 admittuntur,
1279 1927 1331 1990 sed

207 2048 245 2093 ne
266 2030 371 2113 postea
394 2029 517 2110 quidem
541 2048 596 2110 per
618 2028 843 2111 paenitentiam
866 2030 1079 2111 corriguntur,
1102 2029 1236 2094 maxime
1260 2046 1332 2092 cum

208 2133 302 2197 etiam
325 2135 355 2196 in
379 2133 438 2208 his,
461 2133 514 2213 qui
537 2131 730 2213 paenitentes
757 2150 824 2195 esse
848 2131 1005 2213 dicuntur,
1034 2149 1145 2195 nomen
1168 2132 1211 2194 sit
1233 2130 1331 2212 magis

206 2237 398 2318 paenitentia
412 2238 479 2316 ipsa
494 2254 586 2316 quam
603 2235 735 2316 fructus,
760 2238 831 2317 quia
846 2253 956 2317 parum
973 2238 1046 2298 sunt
1062 2254 1166 2299 rerum
1183 2234 1332 2298 uocabula

207 2339 289 2421 ipsas
317 2357 365 2402 res
393 2357 454 2402 non
482 2337 629 2403 habentia
650 2341 682 2401 et
704 2337 784 2401 nihil
815 2339 970 2402 uirtutum
993 2336 1089 2402 uerba
1111 2339 1177 2401 sine
1200 2337 1330 2402 uiribus.

173 2442 333 2524 coplurimi
356 2459 489 2522 namque
514 2458 666 2522 acpaene
689 2442 791 2504 cuncti
814 2443 845 2504 et
867 2459 971 2504 rerum
994 2441 1187 2504 abundantes
1211 2443 1242 2502 et
1257 2434 1384 2504 con-10

207 2545 264 2611 scii
292 2544 457 2610 criminum
481 2562 516 2608 ao
538 2543 727 2627 flagitiomm
756 2562 881 2608 suorum
910 2561 970 2607 non
1000 2546 1090 2608 modo
1119 2562 1154 2608 oa
1177 2562 1254 2625 quae
1276 2544 1331 2608 ad·

206 2647 360 2712 miserunt
394 2646 604 2731 exomologesi
634 2665 671 2710 ac
699 2645 926 2724 satisfactione,
961 2647 1015 2710 sed
1045 2665 1084 2710 ne
1112 2647 1169 2710 hoc
1197 2645 1330 2728 quidem,

207 2752 287 2835 quod
321 2753 505 2816 facillimum
535 2753 590 2833 est,
624 2751 711 2815 donis
741 2751 848 2816 saltim
870 2769 906 2815 ao
932 2752 1147 2816 misericordiis
1180 2751 1331 2815 redimere

207 2856 391 2938 dignantur,
425 2856 518 2935 atque
548 2873 608 2919 non
638 2855 737 2918 solum
761 2854 793 2917 id
816 2853 849 2916 in
871 2856 1022 2938 prosperis
1051 2854 1236 2937 neglegunt,
1267 2855 1330 2935 sed,

173 2959 287 3042 nequod
310 2959 446 3022 multum
468 2957 693 3040 inreligiosius,
717 2959 749 3021 in
772 2957 919 3035 aduersis
944 2974 1005 3020 non
1028 2958 1128 3022 solum
1151 2957 1330 3037 incolumeS,

206 3063 261 3127 sed
284 3062 379 3125 etiam
402 3061 589 3125 deficientes.
625 3065 714 3126 tanta
736 3059 937 3126 incredulitas
959 3061 1006 3124 est
1019 3062 1188 3128 ,hominum
1211 3066 1242 3124 et
1265 3063 1331 3125 tam
1396 3108 1399 3114 .

205 3163 310 3245 grauis
338 3164 511 3228 infidelium
540 3165 671 3245 languor
694 3164 879 3244 animarum,
909 3165 947 3229 ut
970 3182 1040 3228 cum
1059 3165 1155 3228 multi
1178 3163 1331 3228 maximas

206 3285 277 3348 opes
308 3268 485 3348 heredibus,
520 3268 679 3331 interdum
710 3267 806 3331 etiam
836 3266 990 3331 extraneis
1019 3267 1250 3348 derelinquant,
1273 3266 1332 3332 hoc

258 3525 271 3577 1
292 3528 340 3577 aut
357 3524 512 3576 mollissimi
530 3525 557 3577 Β
660 3527 676 3577 5
695 3525 754 3592 agit
772 3528 818 3589 (sc.
837 3524 912 3588 deus)
932 3522 1132 3578 Ritterobcstas
1230 3522 1246 3575 l
1264 3523 1331 3574 tem·
1352 3562 1359 3579 .

204 3609 264 3676 pori
282 3625 316 3664 ecc
333 3613 452 3677 tempore
468 3611 495 3664 B
519 3625 588 3663 corr.
606 3627 641 3663 m.
659 3612 679 3664 2
782 3611 815 3663 13
838 3609 957 3677 inpudici
976 3624 1009 3662 cx
1028 3607 1147 3676 incupidi
1164 3608 1192 3661 Β
1208 3602 1279 3660 corr.
1296 3622 1330 3659 m.

205 3698 263 3763 21)
368 3697 400 3750 13
418 3695 537 3749 crudenti
554 3695 603 3750 sed
621 3696 636 3749 d
654 3701 750 3764 punct
769 3695 796 3749 B
899 3696 932 3749 16
954 3694 1129 3763 penitentiam
1147 3694 1175 3746 Β
1196 3700 1228 3748 at
1243 3693 1331 3762 pareto

200 3785 265 3848 post
291 3781 442 3848 penitentes
574 3782 748 3849 corriguntur
778 3797 811 3836 ec
838 3784 1012 3850 corrogantur
1038 3781 1066 3833 Β
1094 3796 1162 3834 corr.
1190 3783 1263 3834 Μ

206 3867 239 3921 18
261 3869 411 3936 penitentia
435 3869 493 3936 ipsa
516 3871 543 3922 Β
574 3871 788 3938 poenitentiaep
891 3885 1003 3936 paruum
1022 3869 1070 3923 alt.
1088 3874 1217 3936 npcact.
1236 3868 1275 3920 Β’

204 3953 239 4008 20
262 3954 449 4009 habundantes
472 3956 499 4008 Β
602 3956 635 4008 21
660 3957 783 4025 eaquae]
802 3956 907 4025 sanz-B
1011 3954 1176 4008 admiserunt
1194 3970 1229 4008 cce
1246 3952 1332 4006 admi·

205 4046 265 4095 serd
283 4041 325 4095 int
343 4043 370 4095 Β
388 4058 458 4095 corr.
478 4057 511 4094 m.
528 4047 546 4094 2
649 4042 683 4095 22
706 4042 881 4110 exomologesi
899 4041 926 4095 Β
950 4045 976 4094 et
993 4041 1062 4095 coni.
1081 4039 1283 4095 Rittersboeius
1304 4040 1332 4092 in

204 4127 423 4195 exomologesip
530 4128 564 4181 23
586 4127 717 4182 redemere
740 4127 768 4180 B
873 4127 908 4181 25
930 4126 1190 4180 multum=multo
1208 4129 1240 4178 at
1259 4123 1334 4177 1111

206 4215 244 4266 62
347 4213 489 4266 incolomes
507 4214 534 4266 Β
638 4213 672 4267 28
689 4212 877 4280 derelinquunt
894 4213 921 4266 Β
