3076 4764
231 268 272 336 28
442 318 443 321 ,
718 258 875 323 Seluiuni
942 306 944 311 ,

231 455 371 520 minus:
405 472 472 520 our
504 453 723 520 eleuamini
755 471 873 538 super
901 449 1086 540 populum
1121 458 1295 525 domini?
1330 461 1361 525 et

232 558 503 641 quidpoetheeo?
525 556 648 642 ignis,
672 557 786 640 inquit,
810 570 996 640 egressus
1019 559 1207 628 adomino
1229 563 1359 627 inter-

180 660 332 732 tifccit
355 659 429 727 cot
458 662 585 746 uiros,
615 661 681 747 qui
709 660 936 727 offerebant
956 662 1169 731 incensum.
1213 668 1361 732 seucum

232 760 317 832 haec*
332 766 424 832 tenta
452 765 578 846 fierent,
608 760 752 831 scelestis
782 783 856 829 cura
886 782 947 829 non
977 765 1105 847 profuit.
1149 762 1292 835 adhibita
1312 772 1361 834 est

232 862 411 952 saepissime
434 867 589 952 coercitio,
614 868 668 934 eeu
684 867 938 934 emendationes
954 871 1070 935 secuto„
1093 871 1173 936 sicut
1195 871 1279 937 enim
1295 890 1360 952 nos,
1385 895 1395 934 c

233 991 304 1038 oum
327 971 523 1054 flagellamur
547 970 680 1048 ussidue,
702 988 763 1036 non
778 969 979 1054 corrigimur:
994 965 1045 1036 'itu
1065 974 1097 1036 et
1116 971 1175 1054 iili,
1199 991 1271 1040 curn
1290 971 1361 1041 'oee-

233 1076 381 1141 derentur
401 1073 597 1157 saepissime,
620 1092 683 1139 non
706 1074 982 1140 emendabuntur.¹
1007 1074 1081 1158 quio
1103 1078 1188 1142 enim
1208 1079 1361 1162 scriptum

232 1180 302 1246 est?
336 1181 601 1244 murmureuit
621 1180 752 1243 cutem
775 1178 900 1243 omnis
922 1178 1146 1246 multitudo
1174 1179 1361 1246 filiorum

231 1282 391 1348 Israhel
419 1282 602 1364 sequenti
625 1282 687 1347 die
711 1283 853 1348 contro
874 1281 1035 1363 Moysen
1063 1283 1101 1346 et
1124 1283 1269 1363 Aaron,
1299 1283 1360 1349 di·

233 1403 336 1451 cens:
374 1403 442 1451 uos
478 1383 752 1450 interfecistis
788 1385 977 1467 populum
1014 1386 1172 1450 domini.
1217 1389 1250 1450 et
1286 1386 1396 1469 quidro

231 1491 361 1572 posteo?
382 1507 528 1574 percussa
550 1493 625 1555 sunt
647 1489 757 1554 statim
780 1491 811 1553 et
834 1487 940 1553 diuino
964 1488 1036 1571 igne
1060 1490 1249 1570 consumpte
1269 1491 1360 1572 quet-

170 1591 405 1659 :successum
440 1593 530 1661 milio
557 1592 720 1658 hominnm
747 1594 779 1656 et
805 1591 1007 1675 septingenti.
1054 1609 1124 1657 cum
1153 1591 1254 1659 omnis
1288 1610 1361 1676 ergo

232 1699 306 1760 tuno
326 1695 436 1779 populi
457 1696 629 1762 multitudo
649 1694 840 1779 peccauerit,
864 1713 920 1759 our
942 1712 1005 1760 non
1020 1698 1068 1760 est
1082 1695 1117 1759 in
1132 1693 1274 1760 omnibus
1289 1694 1361 1762 uin-

232 1799 394 1865 dicatum?
438 1798 623 1882 praesertim
648 1805 719 1864 oum
741 1817 778 1863 er
799 1797 973 1880 illaquam
995 1815 1089 1881 supro
1119 1797 1183 1863 diri
1208 1797 1360 1867 seditione

232 1900 307 1969 core
328 1901 437 1968 nullus
453 1903 597 1968 euuserit.
619 1920 675 1968 cur
688 1901 733 1968 ibi
748 1898 896 1967 cunctum
911 1902 1105 1984 peomntium
1121 1904 1243 1968 uuum
1261 1901 1394 1968 inter-re
1515 1912 1517 1916 ⁴

231 2005 283 2070 fici
311 2005 386 2070 deus
416 2005 535 2085 uoluit‚·
569 2005 621 2071 hic
649 2005 868 2071 tantummodo
896 2005 1094 2087 portionem?
1138 2004 1261 2071 scilicet
1289 2005 1361 2089 quie

231 2110 341 2191 plenus
365 2114 396 2175 et
418 2110 540 2175 iustitie
561 2110 595 2174 et
609 2109 820 2176 misericordie
835 2109 979 2175 dominus
994 2111 1026 2186 et
1040 2108 1153 2192 pietuti
1167 2125 1243 2174 suoe
1258 2109 1361 2174 multu

235 2214 329 2278 donst
350 2230 407 2294 por
429 2211 658 2296 indulgentiam
682 2215 715 2277 e't
737 2213 903 2279 seueritati
926 2231 982 2294 per
1005 2212 1216 2294 disciplinam.
1237 2213 1269 2278 et
1292 2212 1360 2278 ideo

171 2322 175 2363 :
232 2313 278 2381 ibi
300 2315 461 2397 praestitit
483 2314 680 2399 disciplinae,
704 2317 740 2380 ut
761 2314 926 2398 proficeret
943 2316 1127 2382 cunctorum
1149 2315 1361 2382 emendetioni

231 2435 330 2503 poeno
353 2419 493 2484 omnium
508 2417 696 2483 noxiorumr·
710 2418 761 2483 hio
775 2418 882 2484 autern
905 2418 1141 2484 misericordiae·
1150 2436 1224 2486 suos
1238 2418 1360 2498 tribuit,
1369 2441 1394 2484 ro

181 2516 270 2586 59ne
292 2522 455 2587 uniuersus
477 2521 612 2605 populus
636 2521 801 2604 deperiret.
825 2524 857 2587 et
877 2521 985 2587 tomen
1009 2540 1079 2587 oum
1101 2524 1170 2587 tum
1182 2522 1360 2587 misericor-

232 2623 313 2690 diter
345 2625 460 2706 egerit,
490 2624 565 2707 quio
594 2625 627 2690 in
654 2627 745 2708 purte
773 2624 873 2707 plebis
903 2624 1069 2707 castigatio
1090 2624 1205 2690 totiens
1227 2626 1361 2708 repetita

232 2745 293 2792 non
315 2727 448 2809 profuit,
476 2728 515 2792 od
535 2727 693 2792 ultimum
721 2744 828 2794 omnes
858 2728 960 2794 morto
990 2726 1171 2793 damnauitz
1203 2744 1283 2811 quoe
1308 2745 1359 2792 ros

233 2829 264 2893 et
278 2828 387 2895 timori
401 2832 433 2894 ot
449 2829 662 2903 emendationi
675 2830 797 2895 nostrue
811 2831 908 2896 simul
923 2829 1068 2913 proficere
1084 2831 1218 2909 deberet,
1237 2830 1360 2896 scilicet

231 2951 270 2997 ne
293 2931 347 3017 qui
369 2933 497 2998 illorum
519 2933 662 3016 exemplo
682 2931 807 3016 ponitus
830 2953 892 3000 non
915 2934 1113 3016 corrigimur,
1144 2933 1271 2999 iliorum
1294 2932 1393 3000 for-ee

231 3038 315 3101 tasse
338 3037 422 3101 exitu
443 3035 633 3118 puniemur„
649 3037 824 3102 nonenim
846 3037 979 3103 dubium
1001 3039 1064 3116 est,
1094 3035 1170 3119 quid
1192 3037 1300 3102 ectum
1318 3029 1358 3102 oie
1467 3037 1470 3045 '

313 3178 448 3277 ruem.
468 3223 509 3289 rc,
527 3223 560 3277 ee
667 3183 840 3291 ruumsre,
858 3223 890 3278 41

282 3409 299 3463 3
317 3408 381 3465 CCL
397 3410 425 3462 A
443 3410 481 3479 (et
500 3409 588 3478 Ttv):
607 3409 735 3465 ducentos
753 3409 951 3480 quinquaginta
968 3411 996 3464 B
1014 3396 1164 3481 etquidem
1176 3409 1291 3466 uidetur
1355 3447 1357 3450 -

230 3497 247 3549 5
265 3498 306 3550 est
317 3500 408 3550 secuto
425 3494 453 3549 Β
543 3495 560 3549 6
579 3495 603 3550 fl.
622 3493 742 3551 assiduae
759 3498 786 3551 A
805 3496 863 3565 (sed
874 3511 890 3550 a
901 3496 951 3552 ott.
963 3497 1023 3567 ogit.
1032 3502 1131 3565 punct.
1149 3501 1181 3551 ut
1196 3497 1282 3566 paulo
1295 3503 1359 3553 arcte

231 3587 257 3637 et
272 3580 358 3650 paccio
371 3587 437 3652 post
454 3583 633 3652 saepissimae)
656 3582 762 3637 residue
773 3582 941 3653 flagellemur
957 3583 987 3636 B
1040 3607 1042 3613 v
1085 3582 1116 3637 17
1130 3582 1297 3639 iustitioeot
1308 3585 1359 3638 mi·

231 3664 387 3722 eoricoroiise
404 3668 432 3721 A
452 3669 487 3735 ef.
505 3683 576 3738 guae
593 3668 628 3723 cte
644 3668 778 3724 adteritur?
794 3670 891 3740 plenus
909 3668 992 3739 apud
1007 3668 1175 3725 Saleianum
1192 3685 1246 3725 usu
1263 3670 1359 3740 despu-

230 3754 352 3809 tom'mes
367 3754 399 3808 iro
416 3753 627 3812 Situ-Bericttc
641 3771 673 3826 p.
687 3760 722 3810 11
724 3776 734 3822 ,·
761 3757 890 3826 correptis
906 3757 946 3811 roe·
962 3749 1162 3827 congesticiam
1173 3749 1261 3812 audeo
1277 3759 1360 3812 tectim

231 3839 334 3894 11117
351 3841 460 3906 (9319),·
486 3843 576 3895 toturn
599 3841 790 3912 iniquitatibus
810 3844 918 3912 plenum
937 3843 1110 3912 est31iptet.
1129 3838 1259 3898 11114:
1284 3844 1359 3912 pleni

230 3925 296 3979 ostis
314 3923 421 3981 solaciis
435 3963 476 3978 .
489 3927 703 3996 pignoribus...
717 3927 916 3996 benedictiooe3
935 3929 1053 3998 deoque
1070 3928 1118 3984 Aci
1134 3929 1239 3985 Bootes.
1255 3929 1314 3984 III
1324 3933 1360 3984 16

231 4015 259 4078 (5
275 4013 338 4077 72).·
366 4011 427 4081 pius
450 4012 552 4068 scilicet
569 4029 600 4069 uo
617 4014 804 4070 misericordia
825 4016 936 4084 plenus,
963 4015 1108 4086 geticonos
1131 4023 1227 4072 oestro
1240 4030 1359 4085 prorsus

230 4097 360 4153 conuenit
457 4099 567 4167 pietatis
584 4115 614 4154 r:
643 4101 755 4170 pientio
770 4101 826 4154 AB
845 4114 846 4119 ¹
918 4104 951 4158 18
967 4103 1108 4159 seueritati
1128 4104 1201 4159 Τίνι
1229 4101 1363 4158 souertuti·

231 4183 258 4239 Β
284 4183 428 4239 seueritate
444 4186 472 4238 A
490 4184 552 4239 add.
571 4200 590 4240 s.
611 4186 628 4240 l.
646 4203 682 4241 m.
701 4203 754 4242 reo.
773 4188 852 4256 punit
955 4189 988 4244 25
1008 4191 1130 4259 poenitus
1148 4190 1175 4243 A
