3076 4764
537 301 576 352 (le
593 298 729 368 gubern.
749 297 802 353 dai
820 298 844 353 v
862 303 877 365 5
895 300 1007 356 25-31.
1272 303 1333 368 111

207 487 313 555 hastas
345 504 440 570 qnam
473 489 632 554 exactores
666 491 751 555 sunt.
788 491 821 557 et
852 507 904 556 rea
934 490 1002 573 ipa
1033 491 1092 556 hae
1124 491 1260 560 indiaatz
1294 490 1334 558 ad

208 590 314 659 hostes
335 589 471 674 fugiant,
494 593 531 657 nt
553 593 621 658 uim
642 592 812 658 exactionis
835 594 982 658 enatant
1020 597 1057 659 at
1080 595 1208 678 quitum
1229 595 1334 677 ipsura

207 694 278 772 lusa,
298 694 444 777 quamuis
466 697 580 761 iurum
601 696 636 760 et
653 695 868 778 inhnmanum,
891 697 994 762 miuus
1008 698 1117 762 tannen
1130 715 1228 782 gruna
1239 699 1334 780 atque

207 798 354 865 aeabnm
370 800 448 876 erat,
464 798 492 862 si
509 815 614 864 omnes
630 798 806 880 aequaliter
815 803 912 883 atqua
926 800 961 864 in
975 816 1139 866 ammana
1153 801 1332 866 tolerarent

185 899 288 971 aillnd
315 900 478 985 indignius
500 918 537 967 aa
558 902 730 984 menalius,
765 902 847 984 qnod
874 902 1018 969 amnium
1045 921 1125 969 enus
1146 921 1208 969 nun
1228 920 1334 970 omues

207 1004 374 1082 sustinui,
409 1003 507 1070 imma
528 1003 609 1086 quoi
640 1007 842 1087 pauperculos
874 1006 1015 1072 homines
1047 1006 1166 1072 bibula
1199 1007 1334 1074 diuitum

207 1110 363 1191 pansant,
397 1107 431 1173 et
449 1106 636 1173 infirmiores
670 1106 777 1173 ierunt
808 1107 948 1175 sarcinas
980 1108 1155 1175 fortium.
1192 1127 1249 1176 nee
1273 1110 1334 1176 alia

207 1229 299 1276 eausa
327 1211 384 1289 est
418 1211 500 1294 quod
529 1211 682 1277 sustinere
711 1229 772 1277 nen
802 1215 942 1294 pemani,
976 1212 1039 1278 nisi
1068 1212 1144 1296 quia
1165 1213 1266 1279 unior
1285 1214 1335 1281 eet

206 1317 391 1380 maerorum
427 1315 552 1380 sarcina
588 1333 684 1397 quarn
713 1314 860 1381 facultas.
896 1335 944 1381 ree
977 1315 1206 1383 diuersissimas
1239 1316 1385 1383 dissi-29

171 1419 419 1501 sumillimasque
445 1419 620 1501 patiantur,
650 1418 803 1484 inuidiam
824 1424 856 1484 et
878 1423 1061 1504 egestatem.
1097 1420 1221 1486 inuidia
1249 1419 1334 1485 enim

207 1524 256 1589 est
277 1524 309 1587 in
330 1521 503 1602 solutione,
537 1524 658 1605 egestas
688 1523 721 1588 in
752 1522 912 1588 laenitate.
949 1524 977 1590 si
1006 1523 1153 1606 respicias
1175 1524 1259 1606 qnod
1280 1524 1335 1588 da·

207 1625 359 1710 padani,
384 1625 544 1692 abundare
565 1625 743 1692 arbitreris:
771 1625 799 1690 si
820 1627 967 1709 respicias
990 1626 1071 1710 quod
1093 1627 1220 1706 habant,
1244 1645 1333 1710 egere

207 1729 353 1813 reperies.
389 1729 460 1814 quis
487 1730 651 1797 aestimem
678 1748 746 1794 rem
774 1730 866 1795 huius
889 1731 1065 1812 iniquitatis
1086 1730 1213 1814 potasti
1249 1731 1333 1796 solu·

209 1835 325 1899 tionem
358 1834 516 1901 sustinent
551 1834 686 1899 diuitum
708 1835 740 1900 et
762 1834 970 1918 indigentiam
1003 1835 1226 1900 mendicorum.
1264 1834 1333 1918 plns

174 1938 311 2005 ramulis
342 1939 391 2003 est
424 1937 504 2020 quod
539 1936 678 2003 dicturus
712 1957 791 2003 snm„
828 1938 1020 2022 adiectiones
1057 1938 1240 2004 tributarias
1273 1939 1335 2021 ipsi

208 2041 366 2107 interdum
399 2042 514 2106 diuites
544 2040 675 2120 iaciunt,
705 2059 760 2124 pro
788 2041 900 2123 quihus
929 2060 1079 2124 pauperes
1107 2042 1244 2111 soluuni.
1280 2041 1387 2114 sedilo

207 2142 300 2208 dieis:
329 2161 401 2209 aum
428 2146 567 2226 ipserum
594 2144 750 2209 maximus
773 2163 883 2211 sensns
904 2148 946 2210 sit
968 2146 1001 2210 et
1021 2146 1160 2228 ipsorum
1183 2149 1334 2212 maximae

207 2247 381 2331 pensiones,
405 2248 557 2331 quomodo
579 2247 646 2312 fieri
668 2247 701 2311 id
722 2249 834 2331 potest,
857 2250 893 2312 ut
915 2248 975 2331 ipsi
990 2250 1050 2314 sibi
1065 2267 1178 2333 sugere
1193 2250 1335 2315 debiturn

207 2350 330 2416 neiintl
362 2369 464 2434 nequa
497 2369 553 2434 ego
576 2352 608 2418 id
631 2351 715 2430 dieo,
746 2352 827 2433 quod
849 2351 909 2417 sibi
931 2352 1082 2433 aageant;
1114 2371 1187 2418 nam
1211 2356 1243 2417 et
1265 2353 1334 2418 ideo

173 2455 332 2538 rumpent,
363 2457 436 2540 quia
464 2473 524 2520 nan
555 2455 617 2520 sibi
639 2457 765 2540 augent.
803 2455 904 2520 diuam
930 2455 1091 2536 quomoda.
1114 2456 1246 2521 ueniunt
1268 2457 1334 2538 ple-

207 2576 338 2642 rumque
367 2562 440 2625 noni
468 2559 572 2624 nuntii
599 2560 673 2625 noui
695 2558 866 2641 epistolarii
888 2577 909 2624 a
929 2559 1061 2624 summis
1082 2548 1334 2626 'sublimitatibus

207 2660 315 2742 missi,
349 2663 403 2746 qni
433 2663 693 2728 commendantur
720 2661 905 2728 inlustribus
927 2663 1036 2745 paucis
1059 2666 1097 2728 ad
1120 2662 1214 2727 aritia
1234 2663 1334 2745 pluri·

208 2781 340 2831 murum.
382 2765 589 2831 daearnuntur
623 2767 673 2830 his
711 2785 792 2832 noua
826 2782 957 2832 munera
991 2767 1201 2832 decernuntur
1237 2785 1335 2833 nonae

208 2868 404 2935 indictiones.
433 2870 603 2934 decernunt
617 2871 760 2953 potentes
775 2873 857 2953 quod
873 2871 997 2936 eolnant
1011 2888 1171 2954 pauperes,
1195 2871 1335 2936 decernit

171 2971 313 3053 agralia
339 2973 475 3038 diuitum
503 2976 583 3056 qnod
610 2973 720 3055 perdat
748 2975 842 3040 turba
869 2975 1067 3053 miserorum
1101 2974 1161 3058 ipsi
1188 2975 1272 3040 enim
1301 2975 1334 3039 in

208 3075 295 3141 nulio
318 3077 458 3142 sentiunt
479 3081 561 3160 qnod
584 3077 763 3142 decernunt.
801 3078 855 3143 sed
878 3096 939 3144 non
961 3078 1100 3163 possunt
1130 3079 1241 3162 inquis,
1275 3079 1383 3145 n0n3l

259 3297 415 3353 lindieant
432 3299 479 3355 seri
496 3316 514 3353 n
528 3306 736 3369 posteapaaet.
754 3302 782 3355 A
893 3303 959 3356 ‘int
977 3301 1034 3355 uim
1052 3318 1086 3357 ea
1104 3303 1132 3357 ei
1149 3301 1207 3355 uim
1225 3301 1252 3355 A
1265 3316 1335 3355 corr.

207 3385 273 3438 Μ
290 3384 714 3442 atemaxaetiunisaaexaationes
809 3386 857 3441 hoa
874 3387 964 3455 ipsum
982 3387 1009 3441 Β
1105 3388 1236 3456 iniquae
1254 3387 1336 3440 seria

204 3473 307 3537 poster.
323 3476 419 3538 punct.
438 3474 465 3524 A
560 3473 578 3525 5
596 3472 732 3540 poenalius
751 3487 785 3527 aa
803 3472 939 3541 paenalius
957 3473 985 3525 A
1003 3488 1073 3528 corr.
1085 3476 1148 3527 m.2
1244 3473 1259 3526 'l
1279 3488 1335 3525 sar·

208 3555 294 3609 mam
306 3556 334 3610 Β
420 3557 437 3611 9
448 3557 680 3613 ‘dissimilissimas
690 3561 717 3612 A
729 3559 804 3614 haud
815 3560 872 3614 seio
885 3576 924 3614 aa
932 3559 1009 3614 reete'
1019 3560 1152 3614 Halmius
1156 3580 1167 3627 ;
1179 3559 1336 3628 apostatant

208 3639 460 3712 dissimilimasquae
475 3650 572 3713 pauet.
592 3659 609 3698 a
627 3646 659 3700 ia
676 3645 724 3711 fia.
820 3646 853 3700 10
871 3647 912 3700 est
929 3647 1001 3700 enim
1020 3646 1048 3700 Β
1134 3644 1166 3699 11
1186 3643 1335 3698 defendunt

207 3727 235 3782 B
329 3728 644 3801 dependunt—respicias
662 3732 733 3802 quod
750 3733 778 3786 A
794 3733 825 3787 ia
842 3732 977 3799 inferiore
994 3746 1079 3802 marp.
1098 3735 1165 3788 m.2
1184 3732 1336 3800 (lectionem

208 3811 361 3883 dependunt
382 3831 438 3886 pro
465 3816 612 3870 defendunt
639 3819 800 3873 coniectura
825 3819 968 3873 adsecutus
994 3823 1034 3872 eat
1055 3816 1265 3882 Rittersiusiae)

208 3898 241 3954 13
267 3900 398 3970 repperies
424 3903 481 3958 AB
522 3906 587 3974 rem]
614 3905 671 3959 nim
698 3903 899 3960 Riiiershusias
1019 3904 1152 3959 rationem
1178 3904 1336 3973 suspicatur

207 3985 354 4043 Harielius
449 3991 483 4044 14
501 3991 641 4046 sustinunt
657 3992 685 4046 Β
772 3990 926 4060 indigentia
943 3990 971 4044 Β
1068 3991 1101 4044 18
1118 3989 1147 4042 id
1164 3989 1224 4043 fieri
1242 3989 1269 4043 Β

207 4072 264 4140 lpse
281 4072 308 4126 Β
403 4075 437 4128 19
454 4077 541 4130 uelint
559 4093 595 4132 ea
612 4077 713 4131 uellent
731 4081 758 4131 A
775 4092 844 4133 corr.
862 4080 931 4132 m.2
1026 4077 1062 4130 22
1079 4075 1272 4130 cumulantur
1289 4075 1337 4130 sed

205 4172 226 4210 u
238 4160 348 4227 passae
369 4162 429 4232 syll.
451 4170 518 4218 mut.
536 4167 604 4218 m.2
620 4165 651 4218 ia
669 4179 684 4217 ο
703 4168 730 4218 A
831 4164 865 4218 25
887 4165 981 4234 perdat
998 4163 1054 4218 AB
1079 4163 1115 4228 ef.
1129 4180 1160 4232 p.
1178 4165 1241 4228 112,
1261 4164 1285 4217 5.
1304 4166 1335 4217 6:

208 4243 307 4312 penda
323 4245 525 4304 Rittersiasias
541 4250 671 4306 Halmius
