3076 4764
485 282 523 337 de
541 283 677 353 gubern.
695 282 748 338 dci
770 283 816 338 III
834 287 849 348 5
867 283 979 338 23-28.
1255 285 1298 352 51

169 490 226 554 pro
247 471 320 536 aliis
342 473 427 540 sicut
454 489 511 555 pro
541 473 630 539 nobis
651 473 778 538 iusserit
805 473 960 556 cogitare,
988 473 1044 539 illa
1070 474 1142 557 plus
1164 474 1300 541 aliorum

170 591 227 638 nos
239 577 410 642 commodis
421 574 514 642 iussit
524 575 687 642 consulere
701 595 796 659 quam
812 577 935 659 nostris,
954 577 1028 644 boui
1043 576 1166 642 scilicet
1180 577 1300 643 domim

170 678 271 744 bonus
294 678 433 744 famulus
455 679 489 743 et
510 677 681 762 singularis
703 679 849 762 magistri
869 679 1048 760 praeclarus
1071 679 1222 759 imitator,
1245 680 1299 763 qui

169 781 204 845 in
227 781 372 865 uestigiis
399 780 518 846 domini
546 780 596 846 sui
624 781 788 847 ambulans
810 780 986 864 patentiora
1013 783 1239 864 quodammodo
1267 785 1300 848 et

146 886 361 968 conpressiore
388 884 519 966 pedibus
542 886 608 949 suis
633 884 710 950 feeit
736 883 854 950 domiui
876 885 926 950 sui
954 903 1021 951 osse
1047 884 1190 971 uestigia.
1224 887 1300 969 quid

170 1003 244 1070 ergo
259 986 369 1053 horum
384 988 517 1053 facimus
532 987 714 1067 Christiani,
730 988 813 1072 quod
828 986 972 1055 Christus
989 1007 1030 1054 an
1046 990 1127 1071 quod
1143 989 1299 1072 apostolus

169 1090 279 1155 iubet?
323 1094 400 1173 puto
432 1091 559 1155 omnino
582 1090 664 1174 quod
692 1091 848 1156 neutmm.
893 1109 967 1156 uam
988 1092 1115 1157 tautum
1143 1091 1233 1157 abest
1262 1092 1300 1159 ut

170 1193 304 1258 aliorum
334 1194 503 1258 commodis
533 1194 650 1276 aliquid
678 1212 749 1259 cum
774 1191 900 1277 propria
927 1193 1181 1260 incommoditate
1207 1214 1299 1278 prae·

170 1297 300 1375 sumus,
323 1298 360 1362 ut
381 1314 489 1361 omnes
511 1295 563 1360 uel
584 1296 718 1361 maximo
740 1295 857 1362 nostris
879 1296 1049 1362 commodis
1072 1316 1143 1364 cum
1166 1299 1299 1365 aliorum

134 1419 161 1459 uo
169 1399 365 1465 incommodo
389 1399 596 1465 consulamus.

213 1502 285 1568 Vll.
310 1501 371 1568 Sed
399 1502 515 1586 eligere
544 1502 676 1569 forsitan
703 1503 821 1566 maiora
852 1519 992 1585 quaeque
1012 1501 1191 1583 uideamur,
1221 1507 1350 1587 quaeat

168 1606 276 1672 nullus
299 1605 431 1690 impleat
454 1609 497 1685 et,
519 1609 559 1672 ut
579 1606 642 1688 ipsi
663 1606 787 1689 putant,
810 1605 935 1688 implori
950 1606 1077 1670 omnino
1091 1607 1298 1691 nonpossint,

171 1711 202 1774 et
224 1709 396 1791 praeterire
416 1709 489 1785 alia,
513 1727 592 1791 quac
614 1708 794 1791 adimpleri
817 1709 933 1791 queant
954 1712 988 1773 ot
1009 1711 1049 1775 ab
1070 1710 1214 1776 omnibus
1236 1711 1299 1777 im-

169 1813 327 1894 pleantur.
351 1813 404 1879 sod
425 1813 565 1896 primum
588 1812 669 1878 illud
690 1812 950 1878 considerandum
971 1814 1030 1893 est,
1052 1813 1127 1894 quia
1141 1813 1223 1878 nulli
1237 1833 1299 1878 sar-

135 1932 281 1981 nouorum
302 1917 377 1982 licet
407 1936 443 1982 er
466 1917 533 1996 his,
557 1935 637 1999 quae
659 1916 804 1982 dominus
826 1934 902 1982 auus
924 1919 1076 2000 imporat,
1104 1917 1218 2002 eligere
1243 1937 1299 2000 pro

169 2018 302 2084 arbitrio
326 2019 402 2103 quid
424 2021 503 2085 uelit
525 2020 626 2085 facere
641 2021 716 2104 quid
730 2021 820 2099 nolit,
843 2022 875 2084 ct
890 2019 1135 2086 insolentissima
1150 2021 1299 2088 abusione

169 2123 251 2204 quod
276 2123 433 2204 placuerit
455 2124 618 2188 adsumere
641 2123 723 2205 quod
746 2122 941 2205 displicuerit
961 2123 1141 2204 repudiare,
1164 2125 1299 2191 mxime

169 2243 243 2290 cum
265 2229 297 2290 et
319 2227 482 2290 terrestres
505 2226 624 2291 domini
644 2243 840 2309 nequaquam
864 2242 962 2307 aequo
984 2225 1088 2290 animo
1103 2226 1300 2294 tolerandum

167 2328 298 2409 putent,
327 2327 354 2393 si
383 2328 536 2393 iussiones
565 2346 638 2392 suas
661 2327 746 2392 serui
776 2331 922 2410 exparte
945 2327 1076 2393 audiant
1099 2331 1130 2392 et
1152 2348 1188 2394 er
1210 2332 1298 2412 parte

133 2449 160 2490 eo
169 2431 384 2511 contemnant,
399 2433 432 2495 et
445 2449 500 2514 pro
516 2430 648 2495 libidine
662 2448 718 2494 sua
729 2448 807 2512 quae
819 2432 998 2513 putauerint
1013 2431 1155 2498 facienda
1170 2432 1297 2513 famant,

168 2552 245 2615 quae
265 2535 447 2618 putauerint
469 2533 677 2601 conculcanda
699 2534 892 2601 conculcent.
926 2534 954 2599 si
982 2536 1065 2600 enim
1086 2553 1140 2618 pro
1163 2536 1297 2602 arbitrio
1307 2543 1349 2609 28

168 2655 223 2702 suo
245 2639 328 2702 serui
350 2638 485 2704 dominis
508 2638 741 2719 obtemperant,
771 2656 811 2702 no
832 2639 866 2702 in
886 2637 936 2702 his
959 2637 1101 2721 quidem,
1130 2639 1163 2703 in
1186 2641 1297 2722 quibus

169 2741 463 2826 obtemperauerint,
486 2742 709 2824 obsequuntur.
736 2741 859 2823 quando
883 2740 967 2806 euim
988 2759 1097 2807 seruus
1119 2761 1157 2808 er
1179 2743 1299 2808 domini

168 2845 218 2909 sui
245 2843 338 2909 iussis
367 2864 403 2910 ea
431 2845 511 2910 facit
540 2843 756 2910 tantummodo
787 2863 865 2927 quae
898 2844 969 2910 uult
997 2842 1112 2924 facere,
1147 2844 1212 2912 iam
1238 2865 1299 2913 non

133 2947 359 3014 edominicam
387 2948 584 3015 uoluntatem
612 2947 727 3029 implet
754 2948 810 3012 sed
838 2965 940 3012 suam.
985 2947 1013 3013 si
1040 2965 1113 3030 ergo
1141 2968 1214 3029 uos,
1245 2951 1299 3034 qui

168 3052 349 3118 homunculi
378 3051 529 3116 imbecilli
556 3069 679 3131 sumus,
710 3050 869 3116 contemni
895 3053 999 3115 tamen
1022 3069 1041 3115 a
1062 3049 1162 3116 seruis
1184 3053 1298 3118 nostris

169 3157 294 3219 omnino
317 3155 471 3234 nolumus,
501 3173 576 3237 quos
599 3155 660 3219 etsi
682 3154 771 3218 nobis
793 3153 957 3219 seruitutis
980 3153 1120 3219 condicio
1135 3155 1297 3221 inferiores

167 3257 303 3323 humana
325 3260 432 3325 tamen
455 3277 522 3323 sors
543 3258 646 3323 reddit
667 3255 826 3339 aequales,
854 3275 947 3341 quam
968 3256 1075 3339 iniquo
1096 3259 1205 3341 utique
1228 3277 1298 3324 cae-

218 3444 235 3498 2
253 3446 389 3501 consulere
406 3463 440 3502 aa
458 3447 621 3502 consulerem
644 3448 673 3503 A
689 3463 760 3503 corr.
778 3464 812 3502 m
832 3450 851 3503 2
954 3436 1002 3503 dii
1020 3463 1054 3502 ear
1070 3435 1116 3502 dm
1132 3448 1160 3502 A
1177 3464 1246 3505 ocor.
1264 3451 1298 3506 to

166 3536 312 3588 ΜΗ
408 3535 517 3604 inam]
537 3534 635 3588 nan
736 3533 1098 3592 mercatoriam
1197 3537 1297 3590 utoaa.

166 3618 195 3671 Β
211 3635 246 3672 m.
265 3623 282 3672 1
383 3619 444 3689 ipsi]
462 3619 541 3688 impii
558 3619 636 3674 baud
652 3619 864 3688 inprobabiliter
880 3620 1028 3674 Hortcb'acs
1130 3621 1229 3687 putant
1246 3619 1297 3675 im·

166 3704 234 3772 pleri
245 3705 447 3760 Ritterbueias:
470 3705 693 3774 portantirnplere
703 3707 759 3760 AB
845 3721 923 3774 posse
937 3705 1296 3765 Asadaiasasducrm

167 3788 218 3843 loo.
241 3795 275 3844 ot
296 3791 384 3856 facisse
397 3796 493 3860 protem
515 3795 605 3860 possit
707 3792 868 3861 reimplere
886 3794 986 3860 queant
1004 3792 1031 3846 A
1125 3793 1159 3847 16
1177 3793 1296 3847 uellit-

167 3873 250 3928 nollit
267 3875 314 3930 ass
333 3876 344 3931 l
360 3876 400 3931 lit.
418 3882 517 3946 pocot
541 3877 570 3931 A
596 3876 794 3932 uelit-nollit
815 3877 843 3932 Β
946 3877 979 3932 17
1002 3877 1177 3947 displacuerit
1199 3879 1228 3932 A
1281 3890 1284 3894 ’

166 3959 203 4013 20
229 3964 420 4031 contempnent
442 3964 471 4017 A
573 3964 607 4018 22
633 3980 711 4019 seruo
737 3967 821 4032 (corr.
847 3964 929 4032 serui)
955 3980 1003 4020 suo
1030 3965 1058 4020 Β
1161 3964 1195 4019 23
1222 3964 1296 4020 obsc-

167 4049 341 4115 quntur(oa'c)
358 4050 387 4103 A
482 4049 517 4104 24
534 4049 617 4105 iussit
634 4050 662 4107 Β
758 4050 793 4106 25
810 4051 981 4106 uoluntatem
996 4066 1055 4106 aaa
1069 4051 1239 4120 uoluptatem
1252 4052 1296 4120 (ut

166 4130 299 4187 Holmoe
315 4133 393 4198 odet)
415 4135 445 4190 A
545 4135 580 4190 26
606 4136 765 4192 humunculi
790 4136 818 4189 A
920 4135 1074 4205 contempni
1096 4137 1154 4190 AB
1175 4137 1213 4204 (A
1230 4137 1298 4192 iterra
1355 4159 1359 4165 ⁴
1444 4158 1452 4166 ‘¹

162 4218 252 4284 paolo
266 4225 330 4287 post
347 4220 560 4290 contempnimus
578 4227 605 4277 ct
622 4221 854 4293 contempnendos,
875 4222 923 4278 ubi
940 4220 975 4278 dc
991 4222 1019 4283 Β
1035 4237 1092 4278 ooo
1108 4223 1205 4291 boec)

1156 4324 1193 4378 4*
