3076 4764
229 253 272 316 46
718 244 872 299 Saluiani

231 439 353 517 dimus,
383 437 436 522 ut,
466 456 536 502 cum
565 436 598 500 in
621 436 766 500 omnibus
787 437 833 501 rei
860 436 974 519 simus,
1009 435 1104 500 etiam
1133 434 1227 499 bonos
1248 449 1304 498 nos
1326 434 1359 498 ot

231 546 355 607 sanctos
378 559 444 607 csse
467 540 638 622 credamus,
662 557 699 603 ao
722 540 767 604 sio
788 538 831 603 in‘
845 537 935 604 nobis
959 537 1158 603 cumulentur
1180 538 1358 620 iniquitatis

231 645 365 710 offensae
389 643 484 708 etiam
500 643 750 724 praesumptione
772 642 921 706 iustitiae.
949 642 1016 724 qui
1032 640 1135 720 odit,
1158 642 1261 724 inquit
1283 659 1358 723 ape·

228 749 344 823 stolus,
378 747 545 811 fratrem
573 763 693 822 suum,
726 745 925 810 homicida
955 747 1024 812 cst.
1067 745 1250 827 intellegere
1286 762 1358 825 ergo

228 867 392 931 possumus
415 850 531 914 multos
555 867 621 912 esse
636 847 820 924 homicidae,
845 848 898 930 qui
920 866 953 912 ee
970 848 1108 912 innoxios
1125 847 1248 929 putant,
1273 847 1357 928 quia,
1379 871 1392 912 e

228 957 264 1018 ut
286 954 437 1031 uidemus,
462 951 665 1017 homicidium
688 969 750 1017 non
765 951 833 1016 sola
847 950 1064 1016 tantummodo
1080 951 1247 1016 occidentis
1263 970 1358 1015 manu

228 1056 281 1122 sed
304 1057 403 1121 etiam
426 1056 559 1120 odientis
583 1056 686 1120 animo
710 1055 917 1137 perpetratur.
940 1055 1021 1119 unde
1041 1057 1098 1130 est,
1122 1054 1204 1135 quod
1220 1055 1357 1119 saluator

227 1160 367 1224 mandati
397 1158 489 1223 istius
523 1177 663 1224 normam
699 1175 830 1222 censura
863 1157 965 1223 adhuc
998 1159 1151 1222 seueriore
1184 1157 1358 1222 cumulauit

228 1264 350 1329 dicens:
367 1264 431 1345 qui
454 1262 651 1326 irascitur
674 1261 791 1327 fratri
813 1278 879 1324 suo
902 1261 994 1325 sine
1016 1279 1148 1339 causa,
1173 1279 1264 1325 reus
1280 1261 1358 1325 erit

226 1366 391 1430 iudicio.
423 1367 471 1431 ira
493 1368 595 1430 mater
616 1367 664 1428 est
685 1365 757 1428 odii.
793 1367 824 1428 et
846 1364 914 1429 ideo
936 1365 1073 1429 saluator
1096 1364 1255 1429 excludere
1277 1364 1391 1429 iramre

177 1466 336 1546 13uoluit,
360 1488 399 1532 ne
423 1487 459 1533 ex
481 1467 529 1533 ira
551 1467 657 1533 odium
681 1472 870 1533 nasceretur.
896 1467 922 1532 si
947 1485 1020 1549 ergo
1043 1483 1104 1530 non
1127 1466 1228 1531 solum
1251 1466 1356 1530 odium

226 1574 280 1637 sed
303 1571 400 1635 etiam
423 1570 471 1635 ira
493 1588 548 1634 nes
569 1571 602 1635 in
630 1570 680 1634 dei
708 1570 821 1635 iudicio
844 1588 911 1634 reos
936 1570 1045 1649 faciet,
1077 1570 1238 1634 euidenter
1261 1588 1356 1652 agno·

226 1674 357 1752 scimur,
387 1675 468 1755 quod
491 1676 572 1739 sicut
594 1674 701 1738 nullus
724 1675 850 1738 omniuo
874 1676 921 1738 est
942 1672 1092 1738 immunis
1116 1674 1155 1739 ab
1183 1672 1353 1751 iracundia,

226 1779 270 1841 sic
292 1777 398 1842 nullus
420 1777 547 1841 omnino
571 1777 721 1841 immunis
744 1794 809 1841 esse
836 1777 951 1859 poterit
973 1795 992 1840 a
1021 1777 1122 1840 reatu.
1160 1775 1355 1856 persequitur

225 1880 331 1944 autem
354 1881 497 1944 domiuus
520 1880 609 1962 quasi
631 1879 724 1943 fibras
748 1879 905 1962 praecepti
933 1880 1024 1944 istius
1047 1883 1078 1944 et
1101 1897 1206 1944 omnes
1228 1868 1353 1957 penitus
1363 1901 1388 1940 15

225 1982 353 2046 frutices
382 2001 417 2047 ao
447 1983 636 2048 ramusculos
665 1983 751 2047 secat
780 1983 902 2048 dicens:
932 1982 997 2064 qui
1028 1985 1157 2048 autem
1188 1983 1352 2061 dixerit,

224 2086 352 2168 fatue,
377 2105 464 2151 reue
487 2085 567 2151 erit
597 2087 797 2169 gehennae
820 2086 946 2169 ignis:
973 2085 1039 2167 qui
1061 2085 1208 2150 dixerit
1233 2084 1354 2150 fratri

224 2207 308 2266 suo,
340 2189 477 2267 racha,
502 2208 588 2254 reus
618 2190 698 2254 erit
729 2189 913 2255 concilio.
959 2190 1052 2253 racha
1082 2190 1164 2271 quod
1192 2208 1289 2273 genus
1311 2191 1354 2255 sit

225 2293 431 2357 contumeliae
465 2294 560 2357 multi
593 2294 750 2358 nesciunt:
790 2294 920 2358 fatuitas
952 2298 1057 2358 autem
1086 2312 1179 2375 quam
1206 2294 1353 2359 iniuriose

224 2395 377 2460 obiciatur
405 2396 522 2478 optime
552 2400 674 2461 norunt.
710 2399 742 2461 et
764 2397 832 2462 ideo
854 2398 986 2462 scientia
1010 2417 1066 2462 sua
1088 2399 1190 2479 potius
1213 2397 1387 2462 hominesne

223 2516 316 2579 quam
340 2500 515 2581 ignorantia
536 2502 658 2564 utentes
682 2501 808 2564 malunt
829 2502 933 2565 reatus
958 2519 1029 2565 suos
1052 2519 1110 2581 per
1132 2500 1163 2564 id
1180 2500 1352 2564 conuicium

224 2601 306 2683 quod
329 2602 434 2665 sciunt
456 2602 573 2667 diuinis
595 2603 737 2686 ignibus,
768 2622 861 2685 quam
889 2623 943 2685 per
966 2603 999 2666 id
1022 2605 1102 2684 quod
1125 2601 1269 2666 nesciunt
1291 2603 1350 2666 hu·

223 2705 324 2768 manis
347 2703 486 2769 conciliis
509 2706 632 2788 expiari.

172 2803 214 2868 14
265 2806 324 2870 111.
348 2806 432 2886 Quae
455 2825 525 2871 cum
547 2809 593 2871 ita
615 2808 679 2872 sint
702 2809 734 2872 et
757 2825 828 2871 curu
850 2808 925 2870 haec
947 2807 1067 2883 omnia,
1097 2823 1174 2886 quae
1203 2804 1352 2870 iubentur

222 2909 403 2988 adomino,
433 2928 494 2975 non
517 2914 606 2975 modo
629 2930 648 2975 a
670 2911 759 2976 nobie
788 2909 911 2973 omnino
940 2927 1002 2973 non
1024 2907 1101 2973 fient
1123 2909 1176 2973 sed
1199 2929 1295 2990 paene
1317 2912 1385 2978 inea

223 3010 381 3075 diuersum
417 3014 521 3076 omnia
553 3013 646 3093 fiant,
682 3013 805 3095 quando
836 3011 954 3077 maiora
987 3012 1044 3076 illa
1074 3012 1246 3077 faciemus?
1284 3013 1350 3094 qui

223 3116 345 3199 enim,
382 3115 486 3197 iuquit
520 3116 678 3194 saluator,
717 3135 790 3180 non
827 3115 1129 3180 renuntiauerit
1165 3115 1350 3180 omnibus

221 3237 320 3299 quae
344 3218 534 3301 possidet,
558 3238 634 3284 non
655 3219 792 3301 potest
815 3238 924 3283 meus
947 3238 1031 3284 esse
1057 3219 1289 3302 discipulus
1313 3223 1351 3282 et

322 3406 565 3471 31.loh.3,15
666 3405 808 3462 9Matth.
831 3409 857 3473 5,
880 3408 913 3461 22
1017 3406 1050 3460 16
1074 3405 1173 3458 Matth.
1198 3405 1223 3470 5,
1248 3405 1281 3458 22

219 3491 254 3544 26
274 3491 336 3544 Luc.
356 3491 450 3555 1133
563 3492 598 3545 28
619 3493 717 3549 Matth.
738 3495 778 3563 10,
796 3495 830 3549 38

272 3660 359 3713 lreie
378 3662 447 3728 (fuit
464 3661 528 3728 reis)
546 3662 574 3715 A
660 3664 829 3719 horedimus
848 3665 875 3720 A
963 3663 995 3717 11
1014 3678 1045 3716 ox
1062 3663 1104 3716 ira
1122 3663 1213 3716 odium
1232 3665 1259 3718 B
1277 3680 1348 3719 corr.

220 3761 250 3798 ex
268 3746 328 3799 odio
347 3747 416 3813 (stae
434 3748 485 3813 ira)
505 3748 532 3801 B
548 3754 612 3803 m.1
717 3752 749 3806 14
766 3752 933 3822 persequitur
951 3750 991 3804 A:
1019 3750 1189 3818 prosequitur
1207 3750 1235 3804 B
1251 3751 1349 3806 hebere

218 3832 332 3886 uidetur
346 3837 472 3898 (ceterum
486 3836 536 3901 cfr.
546 3837 622 3891 Plio.
631 3839 685 3894 loc.
696 3840 712 3892 l.
723 3842 775 3895 33:
790 3839 974 3909 persequimur
986 3854 1075 3893 omnes
1088 3841 1175 3890 terrae
1187 3837 1281 3906 fibras)

220 3918 252 3970 15
270 3917 352 3972 fibrae
367 3936 401 3973 ea
413 3920 500 3974 febres
518 3922 546 3975 A
558 3939 628 3978 corr.
642 3941 676 3977 m.
689 3941 741 3979 reo.
842 3925 932 3979 omn'es
946 3941 981 3979 ec
993 3926 1079 3978 omnis
1090 3924 1119 3978 A
1130 3940 1200 3979 corr.
1212 3941 1247 3979 m.
1261 3928 1282 3980 2

219 4004 345 4071 paenitus
363 4006 390 4059 A
491 4008 523 4060 17
541 4007 630 4063 fatuae
648 4011 694 4065 aed
712 4012 891 4080 apostera'orc
905 4015 1003 4080 punct.
1021 4010 1049 4063 A
1147 4012 1194 4078 qui
1212 4010 1349 4065 dixerit—

219 4090 330 4144 concilio
354 4107 403 4145 om.
423 4092 450 4146 B
467 4109 500 4147 oe.
520 4098 535 4146 1
640 4095 673 4150 19
694 4096 839 4152 iniuriosae
862 4098 910 4152 scd
934 4114 950 4150 a
969 4098 1121 4165 posteriorc
1136 4103 1233 4166 preca
1252 4096 1279 4149 A

217 4176 252 4230 25
274 4176 459 4232 dominomodo
478 4195 527 4233 om.
546 4196 599 4234 non
616 4198 682 4236 uoce
701 4183 728 4236 A
