3076 4764
196 274 258 339 302
679 270 840 323 Saluiani

200 463 290 544 quasi
312 460 474 525 umbratili
497 463 629 542 quadam
652 459 822 524 adiectione
847 461 997 523 conantur
1026 457 1164 522 dicentes
1188 461 1327 535 cunctos,

197 564 250 646 qui
279 563 408 627 credant
437 562 545 642 deum,
578 580 666 626 sanos
696 563 822 625 tantum
851 561 942 643 atque
970 560 1142 625 incolumes
1172 561 1326 626 officiosos

198 665 321 732 Christo
344 684 410 730 esse
433 665 554 743 debere,
584 666 722 729 ceterum
750 663 815 727 iam
838 664 983 728 exeuntes
1006 682 1022 728 e
1044 664 1167 729 saeculo
1191 664 1326 730 carnalis

197 768 296 852 magis
325 768 567 851 propinquitatis
596 785 690 847 quam
718 768 817 833 diuini
846 767 941 831 officii
972 773 1112 848 oportere
1135 767 1325 832 meminisse.

198 876 287 957 quasi
315 890 386 938 uero
415 872 555 936 homines
577 869 771 936 Christianos
800 871 877 934 alios
901 889 968 935 esse
991 871 1132 951 oporteat
1154 871 1326 935 incolumes
1351 893 1363 935 s

197 977 273 1042 alios
303 979 340 1042 de
369 976 426 1042 hoc
454 975 575 1039 saeculo
604 975 791 1050 recedentes,
822 976 854 1039 et
883 973 959 1038 01100
981 992 1013 1037 00
1044 975 1147 1039 000011
1178 974 1326 1040 exhihere

199 1078 320 1144 Christo
344 1077 477 1143 debeant
500 1077 533 1140 in
556 1077 704 1157 sospitate
728 1075 806 1140 alios
831 1077 862 1139 in
886 1077 996 1154 morte,
1020 1076 1097 1140 alios
1120 1077 1152 1141 in
1170 1079 1326 1161 superiore

169 1182 265 1247 40110
293 1183 369 1248 alios
399 1184 431 1246 in
459 1180 638 1263 posteriore.
678 1182 758 1261 quod
786 1180 813 1243 si
842 1179 889 1243 ita
918 1183 964 1243 est
994 1197 1065 1264 ergo
1100 1180 1235 1246 alterum
1258 1184 1327 1262 quis

198 1284 363 1349 habiturus
380 1285 429 1349 est
444 1282 605 1349 Christum
620 1283 742 1347 iuuenis
758 1283 893 1347 alterum
908 1300 1008 1364 senen,
1033 1285 1063 1347 01
1081 1284 1198 1348 1011000
1214 1285 1327 1349 debent

199 1388 338 1453 homines
367 1388 520 1451 demutari
548 1385 608 1451 fide
636 1385 777 1467 quotiens
805 1383 1008 1449 demutantur
1037 1388 1150 1450 aetate.
1188 1387 1215 1451 01
1244 1389 1366 1452 enimro

200 1509 274 1573 erga
303 1489 352 1554 dei
381 1490 500 1554 cultum
531 1490 611 1553 alter
641 1488 799 1571 quispiam
821 1488 945 1553 futurus
970 1489 1016 1553 est
1038 1488 1149 1571 uigens
1173 1489 1254 1555 alter
1277 1491 1327 1554 in-

200 1593 318 1671 firmus,
351 1594 432 1658 alter
460 1611 553 1657 sanus
581 1593 661 1657 alter
688 1595 860 1675 aegrotans,
892 1609 964 1674 ergo
992 1596 1084 1674 prout
1108 1595 1208 1658 010100
1232 1592 1328 1658 fuerit

200 1697 329 1760 humani
360 1696 495 1777 corporis
522 1696 705 1777 inaequalis,
734 1695 780 1760 ita
809 1697 869 1761 erit
897 1695 1018 1760 homini
1047 1697 1142 1761 etiam
1165 1698 1239 1762 deus
1261 1698 1329 1780 ipse

200 1799 371 1876 mutabilis,
407 1803 437 1862 et
471 1799 614 1880 quotiens
648 1799 745 1864 fuerit
775 1801 808 1863 in
836 1800 960 1864 homine
988 1801 1129 1864 ualitudo
1164 1800 1328 1883 contraria,

200 1901 317 1967 totiens
346 1900 407 1964 erit
435 1901 530 1965 etiam
560 1902 670 1983 religio
700 1902 840 1967 diuersa:
869 1905 957 1985 quasi
987 1921 1061 1969 uero
1085 1905 1139 1986 qui
1159 1905 1331 1968 incolumes
1340 1924 1365 1966 rs

171 2002 319 2074 5Christi
351 2022 417 2068 esse
451 2005 563 2070 dehent
597 2006 763 2071 morientes
787 2004 904 2071 Christi
933 2025 997 2071 esse
1027 2024 1088 2070 non
1117 2008 1258 2072 debeant.
1298 2009 1329 2070 et

113 2139 114 2142 ¹
202 2107 350 2171 uhiillud
367 2108 429 2171 est:
455 2108 521 2189 qui
543 2108 865 2190 perseuerauerit
888 2110 926 2172 iu
949 2109 1086 2193 finem,
1110 2108 1172 2173 hic
1195 2108 1330 2173 saluus

203 2210 301 2288 erit,
325 2212 380 2274 aut
401 2210 481 2274 illud
503 2210 536 2275 in
558 2210 732 2291 prouerbiis
756 2211 852 2277 sacris
868 2213 968 2277 diuini
985 2211 1136 2277 sermonis
1152 2211 1330 2277 oraculum:

202 2313 407 2394 sapientia
430 2313 468 2376 in
492 2315 602 2378 exitu
626 2314 806 2380 canitur?
836 2334 895 2398 quo
919 2317 1027 2398 utique
1051 2315 1233 2393 ostenditur,
1257 2315 1332 2379 licet

203 2414 336 2481 salubris
360 2417 402 2480 sit
424 2417 456 2479 in
478 2417 564 2481 omni
586 2418 688 2482 aetate
712 2419 875 2500 sapientia,
905 2421 1068 2500 praecipue
1097 2422 1205 2483 tamen
1226 2429 1368 2482 omneseo

203 2517 237 2582 in
260 2519 345 2584 exitu
368 2536 423 2583 suo
446 2519 557 2585 dehere
580 2539 644 2585 esse
668 2522 834 2602 sapientes,
859 2523 932 2603 quia
954 2521 1076 2586 laudari
1098 2522 1220 2603 penitus
1243 2538 1331 2601 prae-

204 2623 315 2687 teritae
345 2623 456 2687 aetatis
485 2625 649 2705 prudentia
677 2641 738 2688 non
767 2624 949 2703 merebitur,
978 2626 1039 2689 nisi
1062 2625 1141 2690 bono
1164 2623 1224 2688 fine
1248 2623 1333 2687 clau-

175 2727 312 2808 Cdatur5
342 2726 496 2808 sapientia
524 2728 606 2792 enim
635 2727 669 2790 in
702 2728 786 2792 exitu
815 2727 947 2793 canitur.
986 2746 1040 2792 cur
1069 2745 1135 2792 eam
1163 2744 1225 2790 non
1254 2725 1333 2789 dixit

308 2913 340 2965 17
359 2911 457 2965 Matth.
477 2913 517 2974 10,
536 2912 570 2965 22
672 2914 705 2966 19
725 2913 803 2967 Pron.
823 2912 899 2979 1,20

257 3081 400 3135 2credant
414 3082 472 3148 (sic)
490 3081 518 3134 A
536 3085 593 3148 (ptz
617 3081 728 3134 credunt
746 3081 772 3134 Β
866 3082 923 3150 30]
941 3097 971 3134 00
989 3081 1017 3134 A
1044 3081 1104 3134 aB
1198 3081 1336 3135 Ceribere

206 3169 233 3222 Β
319 3167 334 3219 1
354 3183 380 3220 00
394 3171 514 3234 (pocot.)
528 3167 641 3220 debeant
659 3167 686 3220 Β
772 3167 805 3220 10
823 3167 958 3220 demutari
971 3183 1003 3220 coc
1022 3183 1064 3220 -re
1076 3182 1144 3221 corr.
1156 3184 1190 3221 m.
1204 3159 1266 3221 2⁹13

207 3257 240 3308 14
257 3253 383 3307 ualetudo
402 3269 435 3306 eor
452 3252 535 3305 ualit-
554 3269 623 3307 corr.
642 3255 709 3306 012
726 3254 753 3305 A
849 3252 881 3305 18
899 3251 999 3305 diuini*
1015 3267 1084 3306 cras.
1103 3268 1115 3304 s
1133 3252 1161 3305 A
1255 3253 1336 3306 19111

207 3343 281 3395 exitu
300 3340 414 3408 canitur]
434 3339 483 3393 ‘est
494 3339 568 3405 falsa
579 3339 770 3406 interpretatio
782 3338 929 3392 uerborum
941 3343 1030 3406 σοφία
1042 3339 1072 3391 ἐν
1086 3337 1193 3398 ἐξόδοις
1205 3337 1335 3407 ὑμνεῖται

186 3428 301 3496 1111019.
325 3426 457 3494 sapientia
478 3426 545 3478 foris
569 3424 726 3494 praedicat)²
753 3424 886 3478 Halmius
987 3424 1021 3477 23
1050 3424 1214 3492 sapientia-
1227 3424 1334 3477 canitur

207 3530 257 3569 om.
279 3530 317 3582 p,
345 3512 464 3580 sequitur
487 3511 589 3566 deiide
611 3512 685 3581 imp
709 3516 735 3564 ct
758 3509 819 3564 odd.
839 3514 904 3562 orote
921 3508 1079 3563 Halmium:
1107 3508 1216 3572 suflicit,
1244 3510 1335 3577 iuquit

208 3598 336 3666 pestilens
359 3596 529 3664 praedicatio,
553 3595 654 3648 sufficit
678 3594 854 3662 praeteritum
874 3609 940 3661 opus
958 3594 1068 3660 homiui,
1092 3595 1174 3646 etiam
1193 3594 1263 3646 siin
1282 3594 1335 3648 fine

208 3684 279 3738 nihil
297 3685 386 3736 100101.
414 3699 464 3751 ego
488 3682 573 3736 multo
592 3682 653 3750 plus
672 3681 750 3747 addo,
775 3685 893 3734 autnon
911 3679 1000 3733 minus
1018 3681 1064 3745 eia,
1091 3680 1115 3732 si
1132 3682 1230 3748 potest,
1250 3683 1336 3734 morte

210 3771 306 3834 uicina,
333 3773 381 3821 aut
408 3771 478 3821 certo
505 3768 564 3835 plus
591 3769 677 3820 multo
704 3783 761 3820 0000
783 3765 942 3819 iaciendum.
972 3766 1098 3835 primum,
1127 3766 1191 3833 quia
1216 3766 1247 3819 de
1266 3767 1336 3819 hono

210 3871 286 3923 opere
309 3854 379 3906 nihil
402 3855 482 3907 nimis
505 3858 553 3910 001.
585 3853 680 3907 deinde
703 3852 774 3920 quod
792 3852 827 3906 ad
844 3852 966 3906 tribunal
983 3851 1026 3904 dei
1044 3867 1155 3920 pergens
1174 3850 1260 3918 magis
1279 3852 1337 3919 pla-

210 3956 268 3994 care
291 3939 406 3992 iudicem
425 3940 510 4006 dehet,
534 3941 609 4009 quasi
628 3941 681 3993 iam
700 3940 730 3992 in
749 3937 1038 3992 iudiciocoustitutus.
1068 3940 1201 4006 postremo
1225 3937 1337 4005 quodsi

211 4026 301 4094 aliqua
318 4029 381 4079 ante
399 4027 500 4078 exitum
519 4025 588 4079 bona
606 4025 677 4089 fecit,
696 4024 888 4100 multomagis
900 4023 984 4076 iacere
997 4023 1091 4075 iamin
1104 4023 1176 4074 exitu
1189 4038 1236 4074 000
1249 4022 1337 4088 debet,

211 4129 244 4166 ne
262 4111 376 4165 deterior
395 4112 498 4165 scilicet
516 4111 695 4180 superioribus
708 4111 782 4164 uitae
794 4108 898 4162 actibus
910 4108 973 4161 finis
987 4123 1043 4162 0000
1053 4107 1184 4161 uideatur.
1210 4107 1234 4159 si
1246 4110 1337 4161 autem

212 4203 274 4252 0010
293 4200 365 4262 (0010
383 4213 432 4251 om.
451 4197 491 4251 ed.
511 4198 618 4262 Boinoa.)
638 4197 714 4250 honis
737 4195 861 4264 operibus
885 4210 978 4262 parum
1002 4193 1115 4257 studuit,
1140 4193 1225 4246 multo
1244 4194 1338 4261 utique
