3076 4764
261 299 325 364 274
749 296 906 352 Saluiani

262 487 441 570 specialiter
464 487 533 552 dico
557 490 588 551 et
610 488 761 569 peculiari
784 487 996 554 admonitione
1019 505 1194 568 ammoneo,
1225 508 1264 553 no
1286 489 1391 554 ullum

259 592 385 656 omnino
409 590 524 674 aliquis
548 592 692 673 quamuis
716 591 913 656 carissimum
936 592 1051 675 pignus
1067 590 1189 656 animae
1204 609 1277 657 suae
1299 611 1391 674 prae·

259 693 348 759 ferat.
387 712 487 776 neque
521 693 606 759 enim
639 693 783 775 iniquum
817 695 874 772 cst,
909 694 946 758 ut
979 694 1111 776 quilibet
1142 692 1395 760 Christianorum

260 795 358 862 etiam
391 797 544 882 legitimis
579 797 743 862 heredibus
777 799 810 860 in
843 797 903 861 hoc
937 797 1059 862 saeculo
1093 798 1198 862 minus
1233 800 1393 882 congerat,

261 900 427 966 dnmmodo
450 900 577 964 sibimet
599 900 632 963 in
655 900 840 965 aeternitate
862 901 1023 966 succurrat
1046 901 1156 964 multis
1180 902 1289 980 modis,
1318 904 1394 985 quia
1416 924 1431 966 1

260 1004 292 1068 11
315 1003 440 1068 facilius
469 1004 518 1068 est
545 1003 596 1068 hic
625 1006 728 1068 deesse
756 1002 832 1069 liliis
856 1004 1016 1086 quippiam
1039 1021 1132 1086 qnam
1155 1007 1336 1085 parentibus
1361 1007 1395 1069 in

260 1106 377 1185 futuro,
407 1107 439 1171 et
464 1107 564 1173 multo
587 1109 685 1172 leuior
711 1126 859 1190 praesens
884 1108 1020 1172 tenuitas
1044 1125 1138 1188 quam
1160 1108 1288 1172 aeterna
1310 1125 1392 1190 pau-

260 1213 375 1291 pertas,
399 1210 534 1275 maxime
552 1211 633 1293 quia,
657 1229 728 1274 cum
743 1210 810 1275 illic
825 1229 887 1274 non
902 1211 1066 1292 paupertas
1082 1209 1209 1274 tantum
1223 1210 1276 1274 sed
1292 1211 1393 1275 etiam

261 1330 343 1377 mors
373 1330 410 1377 ao
439 1330 537 1395 poena
571 1314 751 1397 timeantur,
786 1312 910 1378 facilins
941 1312 988 1378 est
1017 1314 1126 1396 utique
1149 1313 1200 1378 hio
1225 1313 1393 1379 heredibus

261 1419 366 1482 deesse
390 1415 539 1497 quiddam
556 1418 594 1481 de
611 1416 799 1500 patrimonio
815 1435 908 1499 quam
925 1417 991 1482 illio
1005 1416 1209 1483 testatoribus
1226 1417 1263 1481 de
1279 1419 1430 1496 salutaro

242 1518 355 1601 'idque
378 1520 409 1583 et
430 1519 502 1600 ipsi,
527 1520 639 1601 quibus
661 1519 820 1584 hereditas
844 1519 1083 1601 derelinquitur,
1107 1520 1243 1584 simodo
1266 1522 1392 1602 pietatis

263 1622 381 1704 aliquid
406 1624 438 1686 in
461 1641 494 1687 se
516 1622 642 1701 habent,
666 1622 844 1704 specialiter
866 1622 948 1687 uelle
971 1622 1112 1700 debeant,
1137 1641 1175 1686 ne
1197 1622 1246 1686 illi
1264 1626 1393 1704 pereant

263 1726 317 1808 qui
340 1725 529 1807 relinquunt.
564 1726 645 1808 quod
667 1726 777 1809 utique
796 1725 824 1789 si
840 1726 959 1804 nolunt,
983 1727 1082 1789 multo
1097 1727 1202 1789 minus
1217 1727 1303 1810 digni
1318 1727 1395 1790 sunt

265 1828 377 1911 quibus
406 1828 523 1910 aliquid
551 1829 754 1912 relinquatur,
787 1831 859 1910 quia
888 1846 951 1892 non
980 1828 1093 1894 iniuste
1116 1830 1248 1894 testator
1270 1830 1393 1910 sapiens

214 1940 325 2006 18uon
348 1931 499 2014 relinquit
520 1934 601 2014 quod
625 1933 712 1998 heres
735 1933 838 2015 inpius
853 1951 914 1998 non
932 1933 1077 1997 meretur.
1117 1933 1224 2014 itaque
1239 1933 1392 2014 optimum
1404 1961 1430 2002 15

265 2037 323 2114 ost,
357 2039 393 2101 ut
425 2037 637 2118 unusquisque
672 2035 733 2102 sibi
762 2036 905 2101 consulat
934 2039 965 2099 et
995 2036 1116 2101 animae
1140 2053 1177 2101 ao
1199 2035 1294 2100 saluti
1316 2055 1392 2101 suae

266 2138 371 2205 omnia
397 2140 600 2222 derelinquat,
630 2140 694 2204 sint
722 2139 865 2222 quamuis
895 2139 1055 2203 interdum
1084 2158 1145 2203 non
1174 2138 1233 2203 filii
1256 2140 1392 2217 tantum,

266 2242 377 2324 quibus
399 2242 524 2307 uidetur
547 2243 735 2308 naturaliter
757 2244 827 2326 plus
850 2242 964 2324 deberi,
989 2243 1154 2308 sedetiam
1177 2243 1307 2326 pignora
1329 2241 1392 2308 alia

266 2349 332 2412 eius
354 2347 406 2410 uel
429 2345 534 2410 meriti
556 2347 608 2412 uel
631 2346 832 2425 condicionis,
856 2349 892 2411 ut
915 2347 959 2410 eis
983 2350 1021 2412 ad
1043 2347 1276 2430 inpertiendum
1299 2347 1391 2428 quid·

267 2450 339 2514 dam
362 2467 398 2514 ao
420 2449 618 2532 largiendum
641 2434 761 2514 iustitia
783 2451 849 2532 ipsa
868 2467 905 2514 ac
920 2449 969 2514 dei
986 2451 1089 2514 cultus
1113 2449 1335 2532 patrocinetur,
1361 2452 1429 2515 etro

267 2554 378 2635 quibus
401 2571 462 2617 non
484 2553 586 2617 solum
608 2553 658 2635 pie
680 2553 799 2634 aliquid
822 2552 1017 2635 relinquatur
1031 2553 1085 2617 sed
1102 2553 1198 2618 etiam
1212 2552 1392 2636 inreligiose

215 2663 326 2728 19111
355 2657 563 2739 relinquatur:
598 2656 716 2721 scilicet
745 2658 771 2721 si
800 2657 854 2721 aut
882 2658 1023 2739 parentes
1051 2658 1114 2720 sint
1138 2657 1314 2721 calamitosi
1337 2659 1393 2720 aut

265 2749 407 2844 germani
435 2760 541 2825 fideles
564 2763 618 2824 aut
641 2763 766 2824 sanetae
790 2760 935 2843 coniuges
959 2761 1023 2843 aut,
1055 2762 1091 2823 ut
1114 2759 1237 2841 longius
1261 2760 1393 2841 denique

265 2881 379 2927 munus
402 2862 529 2945 pietatis
553 2866 725 2939 extendam,
756 2864 783 2927 si
807 2867 861 2928 aut
884 2863 1049 2947 propinqui
1071 2863 1176 2945 inopes
1199 2865 1253 2925 aut
1276 2861 1393 2926 adfines

260 2966 421 3049 egestuosi
444 2968 499 3031 ant
522 2968 655 3049 denique
677 2967 845 3032 cuiuslibet
868 2967 1108 3032 necessitudinis
1131 2967 1317 3050 indigentes,
1344 2968 1431 3034 uelrs

154 3077 157 3083 '
267 3069 358 3149 certe,
384 3068 464 3151 quod
488 3089 580 3153 super
603 3070 708 3135 omnia
731 3074 787 3148 111,
812 3071 867 3136 deo
891 3071 998 3135 dediti.
1036 3071 1095 3135 hoc
1125 3072 1207 3134 enim
1231 3073 1277 3133 est
1299 3086 1393 3152 prae-

266 3174 390 3253 cipuum
418 3191 453 3236 ac
476 3175 716 3255 supereminens,
747 3174 774 3238 si
796 3173 828 3237 id
850 3173 964 3255 ipsum,
994 3174 1075 3254 quod
1099 3173 1166 3256 agit
1188 3172 1302 3254 aliquis
1324 3172 1393 3254 pie-

210 3275 340 3347 2011111
371 3274 482 3356 officio,
513 3277 671 3360 religionis
703 3277 797 3342 faciat
827 3277 950 3342 affectu.
988 3277 1096 3341 beatus
1127 3275 1213 3341 euim
1242 3275 1307 3354 ille,
1340 3275 1394 3356 qui

265 3398 335 3445 suos
366 3379 449 3461 ipsos
480 3380 580 3444 diuini
610 3380 723 3444 amoris
754 3380 865 3463 spiritu
895 3382 989 3458 amat,
1021 3381 1108 3444 onius
1136 3379 1250 3444 caritas
1275 3376 1394 3442 Christi

266 3483 369 3548 cultus
404 3486 461 3563 est,
496 3484 550 3565 qui
579 3484 612 3548 in
641 3485 771 3548 naturae
801 3484 925 3548 uinculo
953 3483 1046 3547 deum
1069 3483 1184 3566 cogitat
1208 3485 1393 3547 naturarum
1404 3502 1432 3542 11

318 3724 334 3777 9
353 3724 448 3793 utique
465 3728 506 3779 est
523 3727 609 3797 signis
627 3725 851 3794 transpositionis
868 3723 973 3780 additis
991 3724 1018 3777 Β
1119 3721 1152 3776 10
1170 3720 1280 3790 quidam
1298 3720 1326 3773 Β

266 3811 300 3863 12
327 3809 422 3864 debeat
443 3827 464 3864 s.
482 3827 534 3867 sor.
558 3816 629 3868 nn2
651 3829 669 3866 n
695 3813 723 3866 A
827 3812 859 3865 13
886 3810 1022 3879 relinquid
1045 3825 1066 3863 s.
1085 3824 1136 3863 scr.
1161 3807 1178 3860 d
1201 3809 1271 3861 on2
1298 3805 1325 3858 Β

267 3897 392 3952 1511111
411 3913 444 3951 en
461 3897 532 3952 heris
550 3915 618 3954 corr.
637 3902 704 3954 on2
721 3899 776 3952 AB
869 3897 901 3952 16
919 3895 1015 3950 salutis
1033 3895 1087 3949 AB
1181 3893 1213 3948 19
1231 3889 1395 3945 conditionis

267 3983 327 4051 (sic)
346 3985 374 4038 A
476 3984 518 4038 nti
542 3985 570 4038 Β
666 3984 706 4037 13
729 3986 776 4037 aut
799 3987 842 4052 sie
869 3985 958 4052 cinges
978 3980 1042 4036 adri.
1061 3996 1092 4034 no
1107 3982 1128 4034 2
1145 3980 1172 4033 A
1276 3977 1310 4032 25
1333 3991 1395 4044 ege-

267 4072 357 4123 stuoso
373 4070 401 4123 Β
503 4070 536 4125 28
554 4071 614 4138 quis
633 4071 681 4124 hos
699 4086 735 4124 eoo
752 4070 812 4138 quis
831 4086 879 4123 uos
897 4085 966 4124 corr.
983 4069 1050 4121 rn2
1069 4066 1096 4119 Β
1196 4063 1288 4118 30111
1306 4063 1395 4116 cultus

266 4156 353 4227 siqnis
377 4157 601 4224 transpositionis
624 4155 871 4213 11111111111Α
975 4159 1041 4208 onte
1065 4153 1143 4207 deum
1167 4151 1231 4206 odd.
1253 4166 1288 4218 p:
1316 4149 1394 4202 denm

264 4242 361 4311 diligit
1317 4262 1320 4269 ·
