3076 4764
527 284 564 338 de
582 283 719 353 gubern.
737 284 792 338 dci
816 285 885 340 VIII
907 288 922 350 ξ
943 285 1017 338 1-7.
1277 287 1337 354 193

209 477 347 540 sumunt.
382 493 454 540 cum
485 473 568 539 enim
597 493 669 539 eum
700 473 890 540 incurtesum
920 477 951 540 et
979 474 1198 558 neglegentem
1225 495 1335 559 resque

208 577 360 644 humanas
389 581 445 642 aut
473 595 533 643 non
556 597 592 642 ex
614 576 728 643 iudicio
750 578 920 660 gubernare
942 581 997 643 aut
1021 580 1115 642 etiam
1145 597 1200 644 nec
1222 580 1335 660 guber·

208 698 282 746 nare
310 681 536 762 blasphement,
569 680 644 762 quid
672 680 757 747 alind
780 681 889 763 utique
912 681 1004 746 deum
1027 699 1128 762 quam.
1149 680 1279 747 inertiae
1303 687 1334 747 et

209 783 365 848 abusionis
399 790 429 849 et
464 783 641 866 iniquitatis
680 786 850 851 accusant?
889 803 905 849 o
940 785 1095 853 humanae
1132 784 1365 866 insipientiae4

182 885 405 952 acaecitateml
429 905 445 951 ο
461 887 586 953 insanae
602 887 788 953 temeritatis
806 886 957 953 furorem!
983 888 1076 954 deum
1092 906 1178 969 ergo,
1191 889 1333 956 ohomo!

208 988 397 1057 incuriosum
426 1008 462 1056 ac
490 992 708 1073 neglegentem
737 1010 839 1057 uocas.
874 992 901 1056 si
930 990 1101 1073 quemlibet
1128 990 1336 1073 ingenuorum

207 1093 369 1159 hominum
386 1092 444 1159 hac
460 1094 651 1159 contumelia
673 1095 819 1172 laederes,
841 1094 1027 1158 iniuriarum
1044 1094 1246 1159 insolentium
1262 1114 1335 1163 reus

208 1213 300 1274 esses,
326 1197 420 1271 certe,
445 1198 470 1261 si
492 1197 706 1262 inlustriorem
729 1196 907 1279 quempiam
931 1215 967 1261 ac
991 1196 1212 1281 sublimiorem,
1238 1199 1335 1265 etiam

208 1316 367 1363 censuram
396 1299 475 1364 iuris
506 1299 625 1382 publici
655 1303 833 1366 sustineres.
869 1300 998 1382 pupillis
1022 1300 1104 1364 enim
1128 1301 1176 1364 uel
1200 1303 1335 1368 maxime

173 1422 199 1462 ro
208 1401 346 1484 prodigis
378 1403 455 1468 haec
488 1402 665 1468 obIciuntur
699 1403 873 1487 obprobria,
907 1405 1100 1484 perditorum
1133 1404 1191 1468 hoc
1226 1406 1334 1484 adule-

206 1505 359 1569 scentium
393 1505 527 1587 speciale
560 1507 733 1572 conuicium
767 1511 824 1586 est,
859 1511 895 1572 ut
919 1509 1062 1572 abusores
1085 1506 1206 1572 scilicet
1230 1511 1260 1574 et
1283 1507 1333 1574 in·

209 1608 319 1673 curiosi
348 1627 384 1673 ac
406 1610 606 1692 neglegentes
637 1629 747 1675 rerum
767 1629 894 1675 suarum
917 1628 983 1675 esse
1007 1609 1163 1673 dicantur.
1199 1612 1364 1676 emori-5

208 1711 295 1792 legas
318 1715 428 1777 uoces!
452 1730 469 1775 o
491 1712 637 1793 profanae
658 1717 878 1796 procacitates!
902 1714 996 1778 deum
1019 1731 1091 1793 ergo
1105 1712 1163 1777 hoc
1179 1731 1243 1780 esse
1259 1714 1334 1780 dioi-

209 1833 286 1896 mus,
315 1816 396 1896 quod
426 1816 522 1879 ctiam
555 1817 635 1880 inter
670 1816 809 1881 homines
842 1816 965 1881 nonnisi
999 1815 1227 1898 perditissimos
1254 1837 1334 1882 nun-

174 1935 369 2000 rscupamus.
405 1919 548 2000 quamuis
571 1937 632 1983 non
655 1919 722 1985 sola
744 1919 806 1984 ista
829 1919 989 1985 dicantur:
1012 1920 1086 1983 nota
1101 1919 1213 2001 quippe
1237 1921 1273 1999 ei,
1299 1924 1336 1988 ut

209 2025 280 2086 ante
302 2022 365 2086 iam
388 2021 460 2100 dixi,
485 2021 581 2086 ettam
603 2022 781 2104 iniquitatis
805 2022 987 2105 inpingitur.
1021 2022 1048 2084 si
1072 2021 1155 2085 euim
1179 2040 1334 2104 nosquae

208 2125 345 2206 patimur
379 2144 439 2190 non
472 2143 627 2189 meremur
662 2127 694 2189 et
728 2125 850 2206 indigni
886 2125 1086 2189 miseriarum
1123 2129 1332 2205 praesentium

208 2227 376 2293 tolerantia
398 2247 514 2305 sumus,
539 2228 691 2293 iniustum
715 2229 823 2311 utique
846 2232 938 2294 deum
960 2228 1103 2310 dicimus,
1131 2229 1184 2309 qui
1208 2248 1261 2294 nos
1284 2233 1333 2296 iu-

208 2331 279 2397 beat
302 2332 389 2397 mala
408 2331 537 2415 indigna
559 2333 699 2397 tolerare.
734 2335 787 2397 sed
809 2349 870 2396 non
894 2336 970 2406 tam,
993 2330 1107 2412 inquis,
1130 2331 1216 2395 iubet
1239 2334 1363 2415 quomo

173 2435 372 2516 supermittit.
403 2435 641 2518 adquiescamus
656 2435 715 2498 hoc
730 2435 775 2497 ita
791 2452 867 2498 esse.
898 2435 951 2497 sed
967 2450 1061 2514 quam
1084 2432 1184 2514 longo,
1209 2454 1332 2520 quaeso,

208 2537 258 2601 est
280 2556 298 2601 a
319 2540 442 2603 iubente
465 2538 674 2620 permittens?
707 2536 760 2618 qui
784 2538 868 2601 enim
897 2537 956 2601 scit
986 2554 1040 2599 nos
1063 2535 1124 2600 ista
1146 2537 1279 2617 perferre
1302 2545 1333 2604 et

207 2640 368 2723 prohibere
396 2644 499 2724 potest
528 2661 566 2705 ne
594 2641 785 2722 perferamus
816 2641 927 2723 probat
957 2639 1071 2721 absque
1100 2639 1191 2704 dubio
1222 2641 1332 2707 debere

207 2744 343 2827 perferre
377 2763 587 2826 quaecumque
620 2746 738 2826 patitur
771 2745 935 2809 sustinere.
973 2744 1056 2807 unde
1089 2743 1232 2813 uidemus
1260 2745 1333 2826 quia

208 2847 315 2911 iudicii
337 2851 383 2912 est
399 2849 447 2912 sui
464 2848 524 2913 ista
539 2848 703 2930 permissio
720 2849 751 2912 et
766 2847 923 2912 sententia
944 2866 1076 2929 superna
1092 2849 1171 2930 quod
1186 2849 1332 2929 patimur.

172 2967 276 3014 ascum
312 2954 393 3015 enim
428 2952 490 3014 sint
520 2952 623 3016 omnia
656 2951 786 3015 dicionis
821 2969 928 3015 sacrae
956 2955 987 3014 et
1016 2953 1110 3014 nutus
1143 2950 1192 3014 dei
1223 2953 1335 3015 cuncta

208 3053 393 3131 moderetur,
418 3054 565 3135 quicquid
589 3055 741 3119 malorum
759 3055 873 3119 cotidie
896 3072 1125 3136 poenarumque
1148 3054 1333 3135 perferimus

209 3176 337 3222 censura
360 3162 407 3222 est
430 3161 554 3223 diuinae
576 3178 701 3223 manus:
733 3177 827 3240 quam
855 3158 964 3240 utique
987 3177 1148 3222 censuram
1170 3177 1225 3222 nos
1248 3159 1332 3222 inar-

208 3263 330 3325 descere
352 3261 484 3326 facimus
509 3266 540 3325 et
562 3263 696 3343 peccatis
726 3262 841 3327 nostris
868 3263 982 3344 iugiter
1005 3279 1243 3327 commonemus
1277 3261 1361 3325 nost

209 3364 353 3428 caelestis
375 3365 439 3429 irae
463 3364 567 3446 ignem
591 3365 788 3429 accendimus
811 3367 843 3429 et
866 3366 1037 3429 excitamus
1061 3364 1204 3428 incendia
1220 3363 1332 3445 quibus

258 3620 275 3673 3
298 3618 431 3672 inhertiae
452 3620 502 3675 det.
521 3621 539 3674 h
558 3638 592 3678 m.
611 3625 629 3674 2
651 3623 679 3674 A
780 3623 797 3674 5
821 3622 942 3674 insaniae
965 3621 993 3673 A
1096 3619 1112 3672 6
1136 3618 1243 3686 quidem
1264 3617 1333 3672 tibet

206 3705 253 3757 sed
271 3706 391 3773 iprr‘orc
409 3713 474 3761 mut.
492 3709 524 3761 r'rc
543 3717 557 3762 e
575 3715 599 3762 et
616 3709 676 3762 dem
697 3715 793 3777 punct.
817 3726 851 3762 m.
870 3713 888 3764 2
909 3711 937 3763 A
1042 3709 1057 3761 ‘l
1084 3706 1204 3761 laederes
1223 3723 1257 3761 eoo
1279 3707 1333 3760 lae·

207 3789 275 3844 deris
292 3792 320 3846 A
338 3807 407 3846 corr.
420 3797 486 3846 Μ
573 3794 606 3847 10
623 3794 755 3863 prodigiis
767 3794 814 3848 scd
824 3795 834 3847 i
844 3800 945 3862 poster.
959 3795 1010 3848 cer.
1024 3796 1088 3847 Μ
1105 3793 1131 3845 Α
1219 3793 1249 3846 ll
1269 3792 1332 3846 abu·

208 3878 287 3946 sores]
307 3877 434 3933 abuxores
452 3885 518 3933 mut.
539 3896 551 3933 c
569 3881 600 3933 irc
617 3880 627 3933 i
646 3887 672 3934 rt
689 3897 709 3934 s.
728 3897 779 3935 scr.
798 3897 832 3933 rra
850 3882 870 3933 2
887 3879 924 3933 bu
942 3881 969 3934 A
1073 3878 1104 3932 13
1123 3879 1256 3947 prophane
1274 3896 1332 3949 pro-

207 3963 331 4017 cacitatis
358 3965 385 4018 A
417 3965 568 4032 prophanae
596 3968 770 4034 procacitates
796 3967 824 4020 B
928 3967 961 4020 18
988 3966 1048 4033 quis
1071 3971 1168 4033 punct.
1196 3982 1208 4018 s
1237 3967 1276 4019 A.

208 4049 240 4101 19
258 4048 358 4118 iniquis
375 4050 403 4103 B
505 4052 536 4104 21
557 4052 667 4119 perferri
686 4053 712 4104 A
814 4052 848 4106 23
867 4051 1150 4119 perferri-sustineri
1169 4053 1238 4105 coni.
1256 4052 1332 4119 Har-

206 4134 286 4188 telius
377 4137 439 4204 qula
457 4152 506 4190 om.
524 4138 551 4191 A
647 4137 681 4190 24
697 4137 749 4205 sui]
769 4139 791 4189 si
809 4137 837 4191 B
922 4137 986 4206 ista]
1005 4137 1078 4190 iusta
1096 4136 1123 4190 B
1217 4136 1250 4190 25
1268 4141 1336 4191 sunt

206 4219 234 4272 Β
337 4224 405 4274 nutu
424 4222 451 4275 B
555 4223 587 4277 26
605 4238 750 4292 poenarum
766 4239 834 4291 quae
847 4228 945 4291 punct.
963 4239 979 4277 a
996 4223 1028 4276 ia
1045 4238 1111 4290 quae
1128 4225 1157 4277 A

257 4323 336 4377 VIII.
1196 4325 1228 4381 13
