3076 4764
338 260 400 330 124
644 302 647 308 .
821 259 978 315 Saluieni

303 443 540 530 3perditionem
570 465 636 512 esse
666 447 846 510 multorum.
885 463 942 510 nec
971 445 1104 512 iniuria:
1137 447 1317 530 intellegere
1341 449 1367 514 is
1390 448 1460 532 qui·

234 557 237 563 '
336 569 468 633 cumque
491 551 602 632 legerit
625 550 715 615 debet
737 567 799 614 non
821 548 975 631 superflue
998 568 1048 613 me
1067 549 1209 631 superius
1233 553 1270 616 de
1292 570 1354 617 uno
1377 552 1460 618 malo

335 653 439 734 aliqua
467 651 589 730 dixisse,
620 669 692 718 cum
722 652 843 717 scilicet
866 651 1116 734 frequentissime
1140 653 1263 719 diuinae
1285 656 1459 721 maiestatis

334 754 494 820 iracundia
516 755 614 821 etiam
635 773 689 836 per
712 772 811 818 unum
833 755 956 834 legatur
980 772 1117 819 accensa.
1157 756 1210 820 sed
1237 773 1294 838 ego
1317 774 1378 822 non
1401 775 1460 841 ago

334 858 392 923 hac
423 856 615 924 districtione
644 877 705 939 qua
734 857 811 922 dico.
849 875 948 940 neque
976 858 1058 922 enim
1087 875 1212 923 necesse
1235 858 1283 922 est
1304 860 1341 924 ut
1362 877 1496 924 unumr

334 959 441 1027 obesse
464 961 606 1026 omnibus
630 963 790 1042 putemus,
822 977 894 1025 cum
916 975 1022 1024 omnes
1045 962 1154 1025 mutuo
1177 959 1239 1025 sibi
1260 963 1378 1026 obsint:
1401 980 1461 1027 non

334 1063 479 1129 conuenit
505 1066 542 1128 ut
571 1082 625 1144 por
653 1082 749 1128 unum
779 1064 904 1127 cunctos
927 1061 1098 1144 periclitari
1120 1065 1283 1144 putemus,
1312 1084 1383 1129 oum
1406 1085 1461 1148 per

334 1184 367 1232 se
391 1168 495 1232 cuncti
518 1167 742 1248 periclitentur.
773 1182 879 1229 omnes
902 1165 986 1229 enim
1010 1166 1177 1232 admodum
1200 1165 1232 1231 in
1255 1166 1461 1249 perditionem

302 1268 431 1335 4ruunt
452 1272 508 1334 aut
529 1273 620 1349 certe,
643 1272 680 1334 ut
701 1269 820 1353 aliquid
841 1269 945 1335 dicam
965 1269 1076 1348 lenius,
1102 1287 1201 1353 paene
1224 1283 1338 1337 omncs.
1378 1271 1461 1336 unde

334 1371 417 1442 enim
445 1371 503 1437 hoc
531 1373 646 1437 bonum
673 1372 786 1454 populo
815 1370 1001 1448 Christiano,
1031 1375 1068 1436 ut
1096 1376 1151 1436 aut
1175 1371 1275 1436 minor
1296 1374 1496 1439 detentere

333 1476 384 1540 uel
406 1473 491 1541 idem
514 1476 596 1541 esset
623 1475 778 1540 malorum
806 1492 954 1540 numerus
977 1473 1031 1557 qui
1052 1474 1225 1541 bonorum?
1259 1468 1460 1541 omiseriam

333 1577 577 1644 lacrimabilcml
602 1577 792 1643 omiseriam
807 1578 1000 1642 luctuosam!
1024 1595 1119 1658 quam
1135 1577 1297 1644 dissimilis
1313 1580 1362 1643 est
1376 1596 1461 1644 nunc

334 1698 407 1746 ase
429 1683 495 1762 ipso
517 1675 650 1764 populus
663 1679 867 1759 Christianus,
891 1679 985 1743 idest
1004 1679 1042 1744 ab
1059 1697 1104 1758 ec,
1128 1680 1180 1761 qui
1204 1679 1266 1746 fnit
1288 1682 1460 1763 qnondam!

334 1785 408 1847 tuna
436 1783 579 1865 princeps
607 1782 822 1866 apostolorum
841 1782 954 1847 Petrus
983 1783 1138 1848 Ananiam
1161 1783 1193 1847 et
1216 1781 1356 1867 Scirem,
1387 1784 1461 1865 quia

334 1885 461 1949 ment'ti
488 1888 606 1965 essent,
638 1887 737 1950 morte
766 1879 926 1950 multauit
966 1883 1163 1951 beatissimus
1192 1905 1313 1968 qnoque
1342 1887 1496 1952 Paulnerr

334 1986 429 2052 etiam
452 2007 550 2053 unum
572 1988 609 2053 de
631 1986 763 2053 ecclesia
785 1986 904 2053 malum
925 1988 1054 2070 expulit,
1077 1991 1286 2055 necentaotu
1308 2005 1363 2053 suo
1388 1989 1462 2071 plu·

300 2090 430 2157 brimus
445 2091 631 2173 inquinaret.
656 2107 810 2157 nuncnos
825 2092 921 2156 etiam
942 2091 1010 2175 pari
1025 2092 1187 2174 utriusque
1208 2092 1307 2173 partis
1331 2109 1460 2157 numero
1491 2126 1503 2145 κ

334 2193 473 2281 contenti
495 2212 614 2260 sumus.
653 2195 780 2276 etquid
803 2194 941 2259 contenti
963 2195 1086 2260 dicam?
1117 2194 1256 2259 exultare
1278 2212 1333 2259 nos
1356 2195 1460 2276 potius

332 2315 370 2363 ao
392 2297 562 2380 tripudiare
596 2298 707 2381 gaudio
741 2298 931 2381 conueniret,
965 2298 994 2362 si
1024 2298 1168 2380 parilitas
1191 2297 1279 2363 nobis
1302 2297 1364 2361 ista
1386 2314 1460 2362 con·

332 2399 477 2485 tingeret.
516 2419 586 2466 ecce
613 2403 646 2464 in
680 2399 755 2482 quid
788 2400 963 2481 recidimus,
997 2418 1066 2468 ecce
1096 2403 1130 2465 in
1160 2399 1235 2482 quid
1268 2402 1337 2481 post
1369 2399 1496 2465 illameo

328 2500 500 2570 ¹Christiani
521 2503 628 2586 populi
657 2504 844 2587 puritatem,
875 2518 937 2587 qua
959 2522 1065 2569 omnes
1087 2502 1241 2585 quondam
1265 2502 1460 2568 immaculati

436 2710 470 2763 14
485 2709 581 2764 nete
685 2707 716 2762 15
735 2708 749 2762 I
767 2708 828 2763 Cur.
846 2709 871 2772 5,
890 2707 908 2760 6

384 2899 409 2954 1,
422 2897 466 2952 his
488 2897 515 2950 Β
620 2897 636 2953 2
660 2896 757 2966 legerit
784 2911 817 2951 em
835 2896 936 2966 legeret
953 2895 980 2948 A
998 2910 1067 2950 corr.
1085 2899 1155 2950 me
1256 2894 1402 2951 edixisse.
1431 2895 1460 2949 et

328 2999 394 3050 cum
417 2984 445 3037 A
547 2983 565 3037 4
589 2998 651 3053 cogo
671 2983 727 3051 (cic)
747 2997 777 3036 ac
795 2985 826 3048 (e.
840 2996 891 3035 eor.
909 2982 978 3036 me
995 2980 1025 3046 ιι)
1043 2982 1071 3035 A
1172 2982 1188 3034 5
1211 2980 1380 3035 districtione
1403 2979 1459 3034 AB

333 3069 415 3140 (quod
441 3060 617 3125 retinendum
638 3068 744 3136 putaui
769 3066 835 3136 quic
862 3065 955 3121 eadem
980 3065 1180 3137 etpma‘ficcta‘ome
1202 3087 1237 3113 =
1259 3058 1403 3122 seueritate
1428 3066 1460 3120 ιιι

332 3148 456 3212 ommibus
473 3155 548 3211 codd.
568 3155 688 3209 recurrit
705 3153 743 3207 od
760 3152 835 3208 Ecct.
855 3151 876 3206 I
892 3155 933 3217 50,
951 3153 1007 3219 ubi,
1025 3151 1099 3220 quod
1114 3152 1146 3206 tm
1162 3151 1283 3207 tramite
1300 3142 1460 3219 monuerim,

331 3257 390 3298 eom
414 3241 546 3297 seueritas
568 3239 726 3310 praeterite,
751 3243 868 3293 ceterum
894 3238 929 3305 cf.
957 3237 1158 3307 Nipperdee'um
1187 3238 1250 3292 Tae.
1279 3239 1354 3292 Ama
1382 3236 1464 3292 IIII

333 3331 368 3384 36
394 3328 551 3397 Kempdum
579 3325 638 3381 Vel.
661 3325 740 3381 Mace.
765 3325 805 3378 Η
821 3329 851 3389 9,
876 3328 903 3391 6)
934 3322 1107 3378 destrictione
1132 3323 1265 3378 Halmius
1294 3324 1459 3377 restrictione

333 3415 515 3482 confidentius
537 3412 682 3482 proposuit
696 3410 883 3471 -FXHa'rmer
910 3413 942 3467 tm
963 3424 1104 3479 proprum.
1130 3409 1321 3480 Fremtnpemei
1344 3413 1460 3464 m1869

331 3518 359 3570 p.
378 3504 411 3555 15
514 3500 530 3553 6
555 3500 678 3568 putemus
697 3497 828 3551 Halmius
851 3502 935 3561 recte,
954 3501 986 3551 ut
1004 3495 1093 3564 paulo
1109 3501 1172 3563 poet
1190 3501 1231 3550 eet
1247 3496 1279 3550 ιιι
1298 3496 1341 3549 A:
1367 3497 1459 3564 putem

332 3588 367 3640 A>
383 3584 429 3653 (de
446 3586 473 3639 Β
491 3586 585 3640 Halm.
610 3600 667 3640 mom
689 3583 767 3652 adm.)
791 3614 793 3619 ·
870 3584 962 3650 putem
988 3581 1016 3636 B
1118 3581 1135 3635 8
1159 3580 1375 3651 imperditionem
1400 3581 1459 3646 (cic)

332 3671 361 3726 A
463 3673 479 3726 9
502 3674 584 3725 ruunt
601 3695 628 3727 m
645 3672 677 3725 ut
694 3670 722 3722 A
738 3669 787 3723 sed
803 3669 835 3723 im
852 3683 939 3737 morp.
957 3683 992 3722 m.
1010 3668 1147 3723 recmetr'm.
1167 3666 1230 3728 add.
1252 3668 1302 3721 aut
1319 3669 1390 3720 certe

333 3756 436 3826 aliquid
453 3760 524 3811 Aet
541 3757 610 3811 comi.
628 3755 844 3814 Rittereleme'ue:
872 3754 947 3809 aliud
969 3754 997 3808 Β
1102 3754 1134 3808 10
1157 3753 1244 3807 minor
1266 3753 1322 3808 AB
1345 3759 1371 3807 et
1389 3754 1460 3810 comi.

333 3843 535 3900 emeremus
559 3843 629 3910 (mom
652 3841 844 3906 ceramum,
869 3846 901 3894 ut
924 3840 983 3895 rell.
1006 3839 1098 3908 cedd.,·
1125 3845 1243 3899 ceterum
1259 3839 1412 3895 minorant
1429 3841 1460 3897 iu

332 3929 361 3985 A
382 3944 416 3985 em
433 3933 515 3997 pmee
539 3928 655 3986 euomuit
677 3934 703 3982 et
726 3929 758 3982 tm
780 3942 866 3996 mcrp.
883 3943 918 3980 m.
936 3927 1074 3982 recentior.
1096 3926 1160 3983 add.
1178 3930 1210 3980 ut
1228 3927 1276 3980 aut
1293 3925 1389 3994 minori

332 4016 379 4072 14.
393 4014 544 4070 Andaniam
558 4016 598 4072 ,A
696 4013 844 4082 ,Saphiram
870 4013 898 4067 Β
1003 4013 1034 4066 17
1060 4012 1146 4082 partia
1170 4028 1204 4068 em
1225 4013 1365 4080 partos-A
1388 4026 1459 4068 cerr.

331 4119 366 4158 m.
384 4103 404 4159 ι
508 4102 540 4156 18
558 4101 678 4170 contepti
697 4100 736 4156 Β·
828 4097 862 4154 20
882 4098 911 4152 in
929 4097 994 4166 quid
1012 4113 1046 4154 em
1064 4098 1156 4167 inquit
1173 4114 1243 4156 corr.
1262 4099 1294 4152 tm
1312 4114 1328 4153 c
1346 4097 1460 4154 Braeci-

326 4204 435 4246 eemue:
462 4187 554 4256 inquit
572 4192 613 4243 ter
631 4186 686 4242 AB
790 4184 934 4240 recedimus
953 4185 1007 4238 AB
