3076 4764
529 280 567 334 de
584 278 724 350 gubern.
740 279 794 335 dei
814 280 854 335 VI
875 281 1017 345 §52—58.
1274 282 1333 348 141

210 470 414 535 oscillantem
448 486 552 533 arcam
586 468 703 534 domini
736 469 890 533 sustinere
918 468 1110 549 temptauit?
1143 468 1223 533 nihil
1252 469 1335 534 enim

211 574 283 639 binc
304 576 371 638 erat
393 572 461 656 lege
483 575 694 654 praeceptum.
731 575 890 637 ettamen
918 571 1028 636 statim
1051 570 1126 636 dum
1149 572 1334 654 sustinebat,

209 675 363 741 extinctus
386 678 442 754 est,
465 692 526 740 non
549 673 631 757 quia,
656 677 692 738 ut
714 673 849 751 uidetur,
871 673 912 738 ad
929 673 1062 756 speciem
1079 675 1251 739 contumaci
1274 674 1335 739 ali-

210 777 283 861 quid
307 781 362 845 aut
385 777 555 843 inofficiosa
576 778 682 843 saltim
704 778 810 842 mente
832 776 1035 855 commiserit,
1065 778 1119 841 sed
1141 777 1208 858 ipso
1230 775 1333 843 officio

188 880 398 947 sincidoiosus
420 880 492 960 fuit,
515 881 589 963 quia
610 881 731 946 iniussa
753 882 969 962 praesumpsit
1007 880 1098 945 bomo
1121 879 1389 947 Israheliticaebb

208 983 307 1068 plebis
323 1001 395 1048 cum
410 983 497 1068 ligna
512 983 654 1049 sabbatis
670 982 860 1066 collegisset,
884 981 1004 1050 occisus
1019 988 1077 1062 est,
1102 986 1133 1049 et
1147 983 1204 1050 hoc
1219 983 1334 1051 iudicio

209 1104 246 1152 ac
266 1088 354 1152 iussu
384 1087 442 1169 dei,
474 1086 609 1168 piissimi
643 1086 763 1153 scilicet
793 1105 830 1152 ac
856 1085 1137 1153 misericordissimi
1171 1085 1280 1153 iudicis
1303 1089 1335 1152 et

209 1191 262 1274 qui
283 1209 407 1273 parcere
435 1189 551 1272 absque
580 1190 673 1254 dubio
702 1207 796 1272 quam
817 1191 954 1256 occidere
976 1190 1148 1269 maluisset,
1171 1190 1232 1256 nisi
1254 1190 1335 1255 rati·

209 1311 301 1358 onem
330 1292 559 1358 misericordiae
588 1291 764 1358 seueritatis
792 1292 873 1357 ratio
902 1292 1037 1358 uicisset.
1077 1311 1155 1358 unus
1178 1293 1261 1358 enim
1282 1292 1334 1358 in·

175 1396 331 1463 recentior
352 1396 457 1480 periit,
479 1414 517 1461 ne
540 1396 634 1460 multi
661 1415 716 1478 per
737 1395 928 1460 incautelam
950 1399 1056 1478 postea
1079 1394 1266 1478 deperirent.
1301 1397 1334 1461 et

209 1499 284 1582 quid
306 1500 343 1565 de
365 1498 499 1582 singulis
522 1498 649 1564 dicam?
676 1498 822 1562 uniuersa
844 1517 923 1581 gens·
941 1498 1162 1579 Hebraeorum,
1185 1517 1257 1564 cum
1277 1496 1387 1581 perdo

209 1601 369 1667 beremnm
392 1601 454 1665 iter
476 1604 594 1683 ageret,
616 1600 689 1682 quie
704 1599 992 1666 consuetudinarias
1008 1618 1114 1665 carnes
1130 1600 1331 1680 desiderauit,

208 1705 332 1788 partem
359 1723 432 1770 suae
460 1704 562 1786 plebis
591 1704 708 1768 amisit.
747 1707 777 1768 et
808 1703 933 1786 quidem
966 1703 1170 1769 interdictum
1199 1705 1332 1770 necdum

207 1808 311 1873 inerat
331 1826 370 1873 ne
394 1807 592 1891 desideraret,
626 1807 681 1871 sed
714 1806 820 1890 legali,
855 1807 892 1871 ut
913 1825 990 1882 reor,
1024 1809 1238 1873 obseruantise
1260 1823 1333 1889 pro·

174 1909 298 1976 cicere
319 1912 394 1976 deus
417 1910 527 1986 uoluit,
550 1914 588 1976 ut
608 1909 760 1977 rebellem
779 1911 1062 1994 concupiscentiam
1078 1913 1247 1978 coerceret:
1272 1929 1332 1994 quo

208 2013 332 2080 iaci-lius
355 2013 476 2080 scilicet
497 2016 629 2080 cunctus
657 2015 788 2097 populus
815 2020 1009 2099 agnosceret,
1038 2020 1190 2099 quantum
1213 2015 1333 2080 euitare

208 2117 332 2183 deberet
369 2136 447 2200 quae
481 2119 557 2183 deus
585 2117 710 2198 scriptis
742 2118 927 2184 caelestibus
961 2118 1172 2194 interdiceret,
1207 2120 1331 2200 quando

208 2220 303 2286 etiam
324 2221 382 2286 illa
404 2240 476 2286 eum
492 2221 629 2286 admissa
643 2221 816 2305 laederent,
838 2241 917 2305 quae
933 2225 1064 2288 necdum
1080 2221 1150 2304 lege
1164 2220 1329 2286 uetuisset.

206 2323 343 2389 laborem
364 2341 485 2406 quoque
500 2342 533 2389 se
548 2323 701 2389 sustinere
724 2327 806 2389 idem
828 2325 961 2408 populus
984 2325 1138 2407 ingemuit
1153 2325 1185 2388 et
1206 2323 1383 2407 propterb'l

174 2425 265 2491 roboc
286 2427 387 2509 plagis
410 2425 596 2492 caelestibus
612 2425 846 2501 uerberabatur,
871 2445 931 2491 non
947 2427 1021 2510 quia
1036 2427 1192 2493 laboranti
1205 2445 1330 2510 gemere

206 2545 266 2594 non
300 2529 403 2607 liceat,
437 2530 492 2594 sed
525 2528 667 2611 ingratus
699 2529 819 2594 scilicet
853 2528 916 2594 luit
948 2531 1085 2614 gemitus
1119 2531 1212 2595 deum
1240 2530 1331 2614 quasi

206 2633 363 2698 auctorem
391 2633 586 2697 immoderati
615 2632 728 2698 laboris
756 2651 913 2699 accusans.
951 2653 987 2698 ex
1009 2649 1068 2716 quo
1091 2633 1232 2717 intellegi
1255 2652 1330 2700 oon·

206 2733 295 2800 uenit
327 2739 478 2817 qnantum
510 2734 631 2817 placere
669 2734 725 2801 deo
760 2736 871 2802 debeat
904 2736 957 2820 qui
985 2754 1090 2801 rerum
1123 2734 1331 2803 iucundarum

208 2837 399 2904 beatitudine
423 2837 547 2913 fruitur,
570 2837 692 2919 quando
715 2838 811 2904 etiam
827 2839 865 2905 de
881 2838 930 2903 his
953 2839 1042 2921 queri
1057 2857 1118 2904 non
1140 2836 1227 2923 licet,
1251 2858 1330 2923 quae

171 2939 332 3025 „ingrata
353 2941 529 3006 uideantur.

247 3057 303 3123 XI.
334 3059 499 3142 Quaeritur
531 3060 667 3125 forsitan
696 3078 844 3142 quorsum
865 3061 927 3126 ista
948 3063 1149 3143 pertineant?
1180 3064 1381 3145 quorsum58

206 3163 322 3247 absque
343 3164 436 3230 dubio
454 3164 515 3229 nisi
538 3167 574 3229 ut
589 3162 669 3229 nihil
684 3166 753 3229 lene
769 3164 974 3244 existimetur,
998 3183 1057 3247 quo
1076 3167 1152 3230 deus
1168 3165 1328 3230 laeditur?

206 3265 348 3331 deludis
371 3266 456 3332 enim
477 3266 612 3350 publicis
635 3266 780 3346 dicimus,
802 3267 948 3332 ludibriis
965 3267 1086 3334 scilicet
1106 3269 1173 3350 spei
1195 3269 1327 3353 nostrae,

306 3451 322 3506 5
341 3451 421 3506 Num.
441 3453 483 3514 15,
502 3451 536 3505 32
640 3452 670 3506 11
690 3451 769 3506 Num.
790 3454 831 3518 11,
848 3453 866 3506 4
970 3453 1002 3507 19
1019 3452 1100 3507 Erod.
1120 3453 1153 3508 10

254 3605 272 3660 2
293 3610 385 3660 tamen
409 3622 459 3662 om.
481 3607 509 3661 Β
612 3606 720 3662 tenebat
742 3608 773 3662 Β
872 3609 890 3663 6
912 3608 1062 3678 colligisset
1085 3609 1113 3663 Β
1215 3609 1230 3662 l
1253 3609 1329 3665 iussu

205 3693 232 3746 et
249 3691 349 3747 indicio
366 3693 395 3747 Β
498 3692 515 3746 9
539 3694 661 3749 incentor
678 3709 763 3762 asper
781 3709 810 3748 or
827 3709 879 3749 scr.
897 3711 932 3750 m.
950 3711 1005 3751 rec.
1022 3710 1055 3749 us
1071 3694 1100 3748 A
1202 3695 1236 3750 10
1258 3697 1329 3765 peri·

204 3780 264 3832 rent
279 3791 301 3832 s.
319 3793 352 3846 pe
367 3792 419 3834 scr.
437 3782 500 3832 111
518 3777 550 3832 de
567 3781 595 3832 A
687 3779 720 3834 15
738 3779 888 3834 coherceret
904 3781 953 3835 sed
970 3780 1100 3850 bpunct.
1118 3783 1145 3837 A
1232 3783 1265 3838 16
1282 3783 1329 3852 agi

204 3867 323 3918 nosceret
338 3863 370 3918 A
468 3864 503 3919 20
525 3863 680 3920 uerberatur
702 3865 758 3919 AB
778 3865 877 3933 (Ptole
903 3865 1093 3922 uerberabatnr
1111 3867 1250 3924 1111111111.
1269 3883 1329 3924 ocae

203 3947 284 4005 1111111
300 3949 432 4005 Halmius
531 3950 566 4005 22
583 3950 705 4020 intelligi
721 3951 770 4008 boc
788 3953 844 4008 loco
861 3954 889 4008 A
991 3953 1025 4008 23
1042 3954 1216 4010 iocundarum
1232 3956 1260 4010 A

203 4033 236 4089 26
253 4035 377 4090 forsitam
395 4036 422 4090 A
525 4052 678 4106 quornsum
695 4037 724 4091 A
745 4039 788 4093 bia
810 4040 897 4095 111111
913 4039 1022 4094 (1111111
1044 4040 1095 4095 litt.
1116 4043 1284 4110 (quorursum
1300 4041 1329 4095 Β

199 4123 349 4190 posteriore
371 4123 438 4189 ioco)
542 4125 575 4179 27
600 4123 671 4193 quod
693 4123 757 4178 dens
781 4125 809 4179 Β
912 4127 947 4182 28
969 4128 1041 4182 onim
1063 4127 1165 4182 scilieet
1187 4127 1328 4184 sedenim

204 4214 332 4276 censeret.
350 4208 378 4262 Β
