3076 4764
225 275 264 338 12
703 271 860 326 Saluiani

222 461 373 527 mundani
395 460 529 544 corporis
554 461 750 545 gubernaret.
790 462 842 526 sed
866 459 899 524 in
922 460 1091 543 principio,
1113 461 1232 543 inquis,
1256 481 1343 528 crea·

222 567 365 630 turarum
396 564 470 629 haec
500 567 573 628 sunt
601 582 619 628 a
648 564 704 629 deo
733 565 855 630 statuta
885 565 978 644 atque
1007 563 1170 645 disposita:
1206 566 1344 631 ceterum

221 667 343 748 patrata
366 666 570 731 uniuersitato
585 684 689 731 rerum
705 666 798 748 atque
815 665 951 748 perlecta
966 668 1098 731 remouit
1115 686 1133 732 a
1148 687 1181 732 se
1197 671 1342 735 cunctam

222 771 419 835 terrestrium
441 789 544 834 rorum
568 788 673 834 curam
690 771 721 833 et
736 768 909 852 ablegauit:
932 768 1072 834 laborem
1095 771 1241 836 uidelicet
1263 771 1343 838 forto

222 872 344 956 fugiens
368 891 385 938 a
408 890 461 937 suo
483 873 550 937 loco
574 869 753 936 amandauit
769 874 801 934 et
816 870 992 937 molestiam
1008 871 1202 956 fatigationis
1219 875 1341 940 euitans
1363 896 1377 938 s

221 976 275 1039 aut
297 978 463 1056 occupatus
486 973 621 1058 negotiis
645 974 716 1038 aliis
732 978 853 1055 partam
869 993 975 1039 rerum
989 974 1128 1060 reliquit,
1151 978 1225 1060 quia
1240 980 1341 1043 totum

221 1077 304 1144 obire
327 1095 389 1141 non
411 1077 517 1160 possit.

169 1181 208 1244 21
264 1181 300 1245 V.
324 1182 476 1246 Remouot
498 1180 595 1264 igitur
618 1197 636 1244 a
659 1198 701 1258 se,
724 1180 838 1262 inquis,
863 1197 970 1246 curam
993 1182 1174 1247 mortalium
1197 1183 1280 1248 deus.
1311 1184 1342 1248 ct

221 1301 297 1367 quae
320 1301 391 1364 ergo
414 1281 503 1348 nobis
534 1282 658 1347 diuinae
686 1282 846 1365 religionis
869 1284 916 1348 est
938 1284 1042 1349 ratio?
1075 1302 1153 1366 quae
1176 1286 1227 1350 uel
1250 1302 1342 1349 causa

220 1385 378 1450 Christum
402 1385 522 1450 colendi
544 1387 595 1450 uel
618 1403 687 1467 spes
709 1385 920 1469 propitiandi?
952 1386 979 1449 si
1001 1387 1084 1451 enim
1107 1386 1246 1472 neglegit
1268 1387 1378 1453 danem

219 1490 253 1553 in
275 1489 334 1554 hoc
356 1489 479 1554 saeculo
501 1508 598 1573 genus
620 1490 789 1567 hominnm,
814 1507 868 1554 our
891 1489 930 1554 ad
953 1491 1073 1555 caelum
1096 1489 1210 1555 cotidie
1231 1508 1342 1555 manus

219 1594 400 1658 tendimus?
434 1590 702 1658 coronationibus
731 1591 846 1657 crebris
875 1591 1122 1658 misericordiam
1144 1590 1192 1656 doi
1216 1592 1342 1676 quaeri-

220 1696 312 1760 mus?
335 1714 390 1761 cur
411 1697 450 1761 ad
473 1694 700 1760 ecclesiasticas
716 1694 832 1758 atomus
856 1695 1032 1760 currimus?
1056 1712 1110 1759 our
1133 1698 1214 1759 ante'
1229 1695 1343 1759 altaria

220 1796 453 1879 supplicamus?
486 1796 574 1861 nulla
602 1799 649 1861 est
679 1796 760 1860 enim
792 1796 882 1862 nobis
914 1797 994 1861 ratio
1023 1796 1185 1877 precandi,
1216 1796 1243 1861 si
1272 1814 1342 1878 spes

219 1897 342 1963 tollitur
371 1900 571 1981 impetrandi.
609 1898 697 1963 uides
727 1917 799 1983 ergo
822 1917 916 1981 quam
939 1899 1038 1964 stulta
1060 1900 1155 1982 atque
1176 1900 1276 1966 inanis
1301 1901 1378 1966 sitae

219 2001 313 2065 huius
346 2001 556 2083 persuasionis
589 2002 740 2067 adsertio:
774 2019 851 2083 quae
881 2001 990 2083 utique
1019 2001 1047 2066 ei
1069 2002 1233 2084 recipitur,
1261 2003 1343 2068 nilril

168 2109 209 2172 22
219 2104 342 2185 penitus
370 2108 408 2170 de
435 2105 585 2188 religione
616 2108 769 2169 seruatur.
807 2105 859 2169 aad
888 2105 928 2169 ad
956 2103 1037 2168 illud
1067 2103 1148 2169 forte
1171 2103 1342 2189 confugias,

219 2211 255 2271 ut
278 2209 362 2272 dicas
385 2225 440 2272 nos
464 2210 550 2271 metu
573 2206 672 2271 futuri
695 2205 805 2271 iudicii
827 2209 920 2272 deum
943 2207 1044 2272 colere
1060 2210 1092 2273 ot
1107 2208 1138 2274 io
1154 2209 1239 2274 omni
1253 2227 1343 2292 poeo-

219 2312 354 2375 sontium
385 2310 559 2376 officiorum
590 2311 678 2375 cultu
709 2310 878 2390 elaborare,
913 2313 949 2375 ut
971 2311 1007 2374 im
1029 2310 1079 2376 die
1106 2309 1205 2376 futuri
1234 2311 1344 2377 iudicii

220 2433 396 2480 mercamur
419 2415 550 2479 absolui.
572 2415 656 2495 quid
679 2431 750 2498 ergo
773 2413 833 2479 sibi
856 2414 928 2479 uult
945 2414 1104 2497 apostolus
1120 2414 1236 2480 Paulus
1250 2433 1377 2497 praeaao

219 2518 332 2600 cipicns
373 2519 485 2583 cotidie
519 2519 553 2583 in
588 2518 717 2583 ecclesia
751 2535 787 2584 ac
820 2517 930 2583 iubens
967 2521 1003 2582 ut
1026 2518 1197 2583 offeramus
1226 2517 1342 2600 iugiter

218 2623 273 2687 deo
309 2623 413 2686 nostro
450 2621 603 2687 orationes
640 2622 867 2687 obsecrationes
904 2622 1131 2704 postulau'oncs
1169 2621 1341 2704 gratiarum

219 2723 379 2788 actiones?
402 2727 433 2787 et
456 2723 532 2789 haec
554 2724 657 2789 omnia
679 2742 772 2806 quam
795 2724 833 2790 ob
850 2725 999 2790 causam?
1022 2741 1114 2807 quam
1137 2726 1243 2806 utique
1267 2722 1340 2797 nisi,

218 2827 253 2890 ut
275 2824 341 2906 ipse
363 2826 453 2907 dicit,
486 2828 528 2891 ut
551 2826 725 2907 quietam
748 2829 786 2891 et
808 2827 1078 2910 tranquillam
1107 2827 1232 2891 uitam
1254 2843 1341 2910 aga·

218 2947 300 2993 mus
332 2930 369 2992 in
403 2928 505 2993 omni
541 2929 759 2994 castitate?
792 2947 846 3012 pro
869 2929 1098 3014 praesentibus,
1128 2928 1376 3008 occidentanae

218 3030 342 3096 domino
376 3031 543 3113 supplicari
576 3030 664 3096 iubet
700 3037 730 3096 et
759 3034 854 3112 curari,
888 3037 971 3116 quod
999 3034 1107 3113 utiquo
1136 3049 1197 3096 non
1220 3031 1341 3096 iuberet

165 3133 207 3198 23
217 3131 278 3196 nisi
302 3134 419 3196 exorari
442 3151 531 3215 posse
561 3133 738 3201 confideret.
776 3136 927 3218 quomodo
950 3153 1022 3218 ergo
1045 3133 1158 3215 aliquis
1180 3152 1235 3218 pro
1258 3133 1341 3199 obti-

217 3235 325 3300 nendis
348 3235 446 3301 futuri
461 3239 607 3318 temporis
622 3238 711 3303 bonis
726 3241 848 3320 apertas
865 3239 916 3303 dei
931 3256 1030 3316 auree,
1053 3254 1108 3320 pro
1125 3236 1338 3319 praesentibus

217 3343 321 3404 autem
350 3338 470 3404 clausas
500 3339 592 3420 etque
621 3341 796 3406 obstructas
824 3342 940 3424 putat?
973 3341 1028 3407 aut
1056 3339 1208 3421 quomodo
1231 3358 1285 3404 nos
1304 3341 1341 3405 in

317 3476 351 3530 ao
376 3476 391 3530 1
411 3475 479 3532 nrm.
498 3475 523 3543 a,
542 3476 611 3544 usq.

266 3595 283 3649 3
301 3597 416 3650 remouit
433 3613 469 3650 coa
486 3596 600 3649 remon&
617 3597 644 3650 A
662 3611 733 3651 corr.
751 3613 787 3650 m.
805 3599 824 3651 2
918 3587 942 3648 '5
960 3593 1117 3648 amandauit
1135 3612 1151 3648 r
1170 3610 1236 3650 corr.
1256 3598 1341 3659 (moa.

216 3682 377 3736 Brassicaoco'
394 3688 427 3736 at
448 3682 586 3748 wiceton:
614 3683 810 3738 commendauit
832 3682 887 3736 AB
912 3682 948 3750 (ct
970 3681 1078 3750 quidem
1100 3682 1128 3736 Β
1152 3683 1238 3736 acrba
1261 3697 1341 3734 aeuo

215 3768 272 3821 loco
289 3782 382 3821 comm.
400 3768 432 3820 ia
449 3783 498 3838 mu
517 3768 596 3823 uacet
613 3785 648 3824 m.
666 3771 697 3836 2)
789 3768 874 3835 9que
893 3768 968 3834 (cate
986 3767 1041 3835 uel)
1060 3768 1088 3822 Β
1175 3767 1208 3822 10
1226 3766 1340 3836 propici-

216 3852 279 3906 andi
297 3854 324 3905 A
415 3853 447 3906 13
465 3853 556 3907 domos
573 3854 600 3908 Β
689 3855 719 3908 17
738 3853 873 3922 confugies
891 3852 919 3906 Β
1012 3853 1044 3907 18
1061 3853 1089 3906 id
1107 3853 1189 3923 omni]
1208 3853 1266 3907 ideo
1285 3869 1341 3906 om·

216 3939 289 3992 nium
309 3939 336 3993 Β
440 3939 472 3992 19
494 3938 597 4009 iudicii]
616 3940 715 3994 saeculi
738 3939 765 3993 Β
869 3939 903 3992 20
920 3954 1036 3992 mercam
1052 3939 1100 3993 scd
1116 3955 1217 3994 rasura
1234 3955 1294 4006 eom.
1313 3954 1340 3991 m

216 4025 255 4079 tu.
267 4025 314 4091 fio.
334 4025 361 4079 Β
456 4025 488 4079 21
507 4026 617 4080 ecclesia
635 4026 663 4080 Β
682 4031 707 4080 ct
722 4041 790 4079 eoae.
808 4041 836 4078 m
853 4041 885 4079 v:
912 4025 1049 4080 ecclesiam
1068 4026 1122 4080 AB
1141 4026 1271 4080 Halmius

214 4109 359 4163 offerantur
376 4110 403 4164 B
508 4111 541 4164 26
565 4110 709 4181 supplicari
726 4111 796 4164 AB:
824 4110 972 4180 supplicare
989 4112 1121 4166 Halmius
1224 4110 1294 4164 orari
1312 4113 1340 4163 ct

211 4195 297 4261 paolo
305 4199 368 4264 post
379 4196 478 4250 exorari
491 4195 651 4250 Hurtcla'us:
671 4211 745 4250 orare
757 4201 783 4250 ct
794 4211 901 4250 exorare
919 4197 974 4250 AB
1077 4196 1148 4266 quod
1165 4211 1215 4252 om.
1233 4195 1261 4248 Β
