3076 4764
548 297 586 351 ad
604 296 787 351 ecelesiam
810 296 839 352 11
858 301 873 362 ς
890 297 1002 352 47-54.
1277 297 1338 364 261

208 506 248 552 ac
279 487 354 551 deus
385 488 491 552 noster
521 485 599 550 nihil
627 485 727 550 tutius
757 505 793 551 ac
822 487 978 551 salubrius
1008 487 1093 550 omni
1122 484 1241 550 homini
1272 503 1339 550 osae

211 590 327 656 dixerit
361 608 453 672 quam
487 608 554 654 rem
583 606 674 654 suam
703 593 796 672 atque
826 589 1039 654 substantiam
1065 589 1098 653 in
1128 606 1186 653 usu
1216 588 1339 653 miseri-

212 695 333 759 cordiae
357 694 515 759 coulocare
537 693 628 774 idque
651 693 815 775 praecipue
837 695 868 757 et
891 693 924 756 in
938 696 1044 757 uetere
1066 693 1098 756 et
1119 691 1152 756 in
1168 707 1248 756 noua
1270 691 1339 772 lege

212 797 409 861 mandauerit
437 797 557 873 dicans,
587 797 669 876 quod
699 797 752 878 qui
780 795 923 861 diuidant
950 797 1075 877 propria
1102 793 1229 858 ditiores
1251 793 1338 872 fiant,

185 902 243 964 aar
267 901 348 982 qnod
371 900 618 964 misericordiae
640 899 740 962 morte
762 897 881 965 liberet.
914 901 944 961 et
966 897 1044 962 alibi
1066 900 1103 963 de
1125 902 1234 962 sancto
1257 896 1389 964 uiro:51

213 1002 422 1086 dispersit,
458 1003 568 1068 dedit
601 1000 857 1084 pauperibus,
895 999 1062 1066 iustitia
1094 1001 1178 1064 eiua
1211 1000 1341 1065 manet

211 1107 251 1169 in
283 1107 495 1171 aeternnm.
534 1103 567 1168 in
598 1103 759 1188 euangelio
790 1120 926 1187 quoque:
957 1104 1102 1180 nolite,
1123 1102 1237 1185 inquit,
1261 1103 1340 1166 the·

211 1209 415 1273 sauriaare
447 1208 560 1274 uobis
591 1208 802 1272 thesauros
834 1209 1015 1272 interra.
1054 1208 1085 1271 et
1106 1209 1237 1273 iterumt
1268 1223 1340 1271 nen

211 1312 389 1393 potestis
424 1312 492 1376 deo
524 1311 677 1376 seruire
703 1316 742 1375 et
767 1328 1015 1377 mammonae.
1053 1313 1084 1374 et
1105 1310 1237 1376 iterum:
1267 1326 1340 1374 uae

175 1413 345 1491 anobis,
378 1414 544 1493 diuites,
573 1417 642 1498 eni
664 1415 825 1481 habetis
848 1414 1147 1480 consolationes
1170 1416 1338 1478 uestras.

211 1517 314 1581 auaris
337 1533 457 1599 queque
480 1520 512 1581 et
533 1513 775 1585 inhumanitatis
797 1517 927 1582 erimine
949 1517 1026 1605 reis:
1056 1517 1131 1596 ite,
1156 1516 1276 1601 inquit,
1299 1517 1339 1582 in

211 1620 341 1702 ignem
365 1624 579 1704 aeternum,
602 1639 712 1704 quem
734 1620 899 1704 parauit
919 1621 1033 1703 pater
1055 1638 1159 1684 mens
1176 1618 1339 1683 diaholo

212 1724 249 1786 et
284 1723 439 1807 angelis
473 1726 567 1790 eins.
604 1743 735 1808 quorum
769 1743 847 1807 quae
881 1740 979 1807 poena
1008 1741 1128 1806 sempor
1156 1723 1264 1788 futura
1286 1710 1392 1803 sitii

212 1826 302 1890 facile
332 1827 542 1909 intellegitur,
576 1829 688 1912 quibus
720 1845 784 1893 sors
814 1847 885 1893 cum
918 1827 1040 1891 diaholo
1070 1827 1246 1908 deputatur.
1284 1843 1340 1907 per

175 1947 288 2011 requae
322 1930 428 1994 tamen
462 1933 619 1996 tormenta
652 1933 788 1996 maxima
821 1947 882 1996 non
915 1928 1110 1996 atrocissima
1143 1931 1198 1994 illa
1231 1930 1263 1994 in
1295 1929 1339 1994 eis

211 2030 454 2096 fornicationum
489 2035 544 2098 aut
579 2035 818 2099 homicidiorum
853 2037 907 2098 aut
940 2033 1173 2116 sacrilegiorum
1206 2031 1340 2096 crimina

210 2135 393 2214 puniuntur,
418 2135 471 2199 sed
494 2137 561 2200 sola
583 2137 800 2201 tantummodo
823 2135 957 2202 auaritia
977 2137 1008 2200 et
1023 2135 1194 2201 abdicatrix
1216 2134 1339 2199 miseri·

210 2235 332 2301 rordiae
368 2237 590 2302 inhumanitas.
634 2238 717 2302 unde
754 2230 935 2321 intellegere
972 2254 1026 2302 nos
1065 2235 1225 2315 conuenit,
1262 2234 1390 2318 quidue

210 2341 335 2420 passuri
367 2340 431 2404 sint
459 2341 541 2422 ‘quos
573 2343 696 2422 praeter
730 2340 792 2405 alia
825 2341 952 2423 peecata
984 2340 1080 2405 etiam
1108 2339 1241 2404 auaritia
1268 2352 1338 2406 reos

171 2442 332 2518 refecerit,
367 2460 439 2507 cum
470 2458 592 2507 summo
628 2443 780 2526 supplicio
814 2443 979 2508 adficiendi
1008 2444 1073 2509 sint
1099 2461 1175 2525 qnos
1198 2442 1338 2524 expertes

210 2547 350 2610 omnium
377 2546 574 2626 peecatorum
604 2547 705 2611 solum
730 2547 881 2614 auantiae
904 2546 1023 2611 emman
1046 2550 1146 2611 morte
1171 2546 1336 2612 damnarit

210 2667 289 2730 quae
319 2648 427 2731 utique
451 2647 478 2713 si
500 2649 608 2714 futura
631 2650 736 2716 omnia
766 2648 928 2733 eredimus,
960 2650 1075 2732 absque
1102 2648 1196 2714 dubio
1218 2649 1339 2713 euitare

211 2752 367 2818 debemus.
404 2754 432 2818 si
462 2754 567 2819 eutem
601 2771 663 2818 non
688 2753 881 2834 dabitemus,
914 2753 1051 2834 profecto
1080 2765 1142 2816 non
1171 2750 1337 2819 oredimus.

210 2853 364 2920 siautem
387 2874 447 2921 non
471 2858 639 2936 eredimus.
665 2854 835 2922 Christiani
860 2872 1057 2938 nequaquam
1079 2873 1203 2939 sumus3
1239 2871 1338 2938 nequo

171 2960 295 3024 aserim
317 2977 482 3041 possumus
506 2976 694 3043 quemquam
718 2959 820 3025 dicere
838 2958 1061 3040 christianum,
1085 2959 1139 3041 qui
1161 2977 1223 3025 non
1245 2961 1337 3042 putat

211 3060 334 3126 Christo
357 3081 421 3127 esse
448 3063 643 3128 eradendum.

250 3199 324 3264 XII.
357 3199 416 3265 Sed
439 3201 504 3264 esto
533 3200 603 3265 illas
627 3219 703 3283 quas
726 3219 820 3285 supra
843 3200 978 3267 diximus
1002 3219 1114 3284 poenas
1138 3220 1199 3266 non
1222 3190 1337 3285 timeas
1345 3207 1390 3274 54

209 3316 279 3381 mus
308 3303 369 3368 rei:
406 3303 558 3387 numquid
593 3302 691 3370 otiam
724 3305 897 3388 praemium
927 3322 1049 3388 sperare
1080 3321 1244 3390 possumus
1274 3321 1362 3395 non¹

206 3405 387 3471 merentes?
425 3405 456 3469 et
488 3407 557 3472 ideo
591 3407 617 3471 si
651 3426 721 3492 opes
755 3423 816 3474 non
851 3408 962 3475 damus
992 3405 1030 3473 ob
1059 3407 1255 3492 peccatorum
1286 3398 1362 3471 re-''

312 3607 418 3662 aaran.
438 3609 495 3677 111,
514 3610 531 3664 e
616 3606 751 3666 incar.
768 3596 794 3678 a}
814 3600 851 3666 ro
937 3610 1070 3666 amaran.
1090 3610 1114 3677 a,
1132 3609 1174 3665 m.
1211 3596 1275 3667 nia.
1295 3598 1327 3666 ie

209 3694 242 3748 13
277 3698 340 3749 Luc.
359 3695 383 3760 6,
401 3695 435 3749 24
540 3698 570 3751 11
590 3697 688 3752 Matth.
706 3699 747 3764 25,
765 3699 798 3752 41

261 3884 276 3936 1
299 3887 390 3938 noster
408 3885 440 3938 oz·-
466 3898 520 3939 uon
542 3883 600 3938 AB
617 3885 652 3952 of.
670 3898 759 3954 capre
776 3886 815 3940 ad
831 3892 856 3951 5.
876 3888 912 3940 39
1015 3885 1101 3940 bons
1124 3876 1152 3938 Β
1249 3884 1271 3937 *4
1292 3882 1335 3937 ul»

207 3969 307 4024 ociores
326 3972 385 4039 (eie)
403 3971 431 4024 A
470 3977 473 3983 '
529 3971 718 4040 laeuangello
736 3973 764 4025 A
859 3972 1009 4040 marrubio
1023 3970 1266 4037 etiamstottmlil

203 4056 224 4108 9
251 4069 401 4110 mammone
427 4057 482 4111 AB
577 4053 619 4111 '12
646 4058 799 4127 properauit
826 4057 853 4112 B
953 4056 1062 4112 diabolo
1081 4071 1120 4112 eo>
1138 4057 1246 4111 diabulo
1264 4057 1339 4111 corr.

204 4145 278 4198 ¹aad
300 4143 328 4195 A
355 4142 463 4197 diabulo
490 4143 518 4196 Β
537 4145 611 4210 (dem
628 4145 748 4212 atatbnl·
834 4144 867 4198 13
883 4143 942 4197 eius
959 4144 1000 4197 B:
1029 4143 1085 4197 suis
1103 4143 1138 4210 A,
1162 4144 1214 4212 *qut
1229 4147 1259 4197 at
1275 4142 1339 4210 ipae

205 4226 286 4293 infra
303 4227 368 4282 ΗΠ
381 4235 405 4294 5.
424 4232 464 4284 20
482 4235 508 4284 et
525 4232 562 4284 29
579 4229 658 4284 babet
676 4230 746 4296 eins3
772 4231 807 4298 ef.
826 4229 951 4285 ao154
1281 4258 1284 4264 Δ
