3076 4764
550 294 788 349 ad-eoolosiam
811 295 842 349 II
862 299 878 359 ἐ
896 294 1005 347 67-73.
1279 292 1342 359 267

213 488 322 552 eunota
356 487 479 570 penitus
507 501 561 565 spe
594 483 678 547 uitae
707 483 800 546 huius
829 482 952 547 eunetis
982 483 1129 547 subsidiis
1160 481 1340 565 destitutus,

213 608 310 656 unam
343 586 559 652 tantummodo
594 585 743 660 tabulam,
779 585 829 650 eui
863 585 1022 649 inhaerere
1057 585 1159 649 adhue
1192 586 1280 667 quasi
1306 585 1341 648 in

212 691 315 757 medio
351 693 430 756 mari
457 690 626 772 naufragus
660 687 769 770 possit,
804 690 931 754 amittat
961 706 1017 752 neo
1045 688 1172 752 amittat
1200 687 1341 751 tantum·

211 799 312 874 modo,
336 795 390 860 sed
413 793 531 859 abiciat
552 795 647 874 atquo
671 809 690 856 a
711 809 743 856 ee
765 791 889 874 penitus
907 790 1221 872 expellat-omnibus
1239 790 1341 855 modis

189 898 244 962 eid
267 899 445 977 elaborans
476 916 514 961 ne
536 897 610 979 quid
640 896 700 960 sibi
722 896 849 960 omnino
877 895 1034 977 reliquum
1057 912 1122 959 esse
1145 893 1251 971 faeiat,
1281 911 1340 976 quo

210 1003 368 1082 periturus
393 1002 527 1065 euadat?

253 1120 320 1186 XV.
352 1120 438 1200 Quae
460 1137 531 1184 oum
546 1119 592 1183 ita
608 1117 681 1198 sint,
703 1117 799 1182 dieite
817 1117 905 1199 mihi,
921 1135 1041 1199 quaeso,
1059 1134 1166 1182 omnes
1182 1112 1390 1182 Christumil

209 1225 364 1300 amantes,
394 1221 421 1286 si
444 1239 509 1286 esse
533 1220 591 1286 ulli
614 1220 737 1286 omnino
761 1219 901 1285 homines
925 1224 990 1284 tam
1013 1218 1100 1285 saeui
1123 1239 1159 1284 aa
1179 1223 1246 1284 tam
1269 1239 1340 1285 oru-

211 1325 294 1389 deles
329 1325 495 1389 aduersum
529 1323 672 1388 inimioos
706 1340 777 1387 suos
810 1323 940 1406 possunt
976 1341 1070 1404 quam
1098 1327 1171 1387 sunt
1199 1323 1254 1389 isti
1283 1325 1340 1388 ad·

174 1447 338 1493 reuersum
366 1428 421 1493 se?
455 1427 533 1491 nulli
565 1428 678 1509 quippe
709 1427 782 1490 sunt
813 1427 879 1490 tam
908 1424 1058 1490 feritam
1088 1427 1261 1503 inhumani,
1286 1428 1339 1510 qui

210 1547 269 1594 non
293 1531 343 1595 uel
366 1533 543 1613 desperatos
566 1531 629 1594 iam
652 1532 744 1611 atque
766 1528 934 1594 morientes
957 1527 1151 1593 aduersarios
1175 1548 1247 1593 suos
1268 1549 1340 1613 per-

210 1634 296 1714 sequi
331 1633 490 1699 desinant:
530 1633 585 1698 isti
615 1653 646 1697 se
675 1633 757 1715 ipsos
793 1632 888 1698 etiam
916 1632 949 1696 in
971 1632 1072 1696 morte
1105 1632 1198 1713 positi
1232 1651 1340 1714 perse·

210 1737 358 1816 quantur.
394 1738 558 1800 annonast
580 1736 639 1801 hoo
661 1734 834 1818 persecutio
858 1739 913 1800 aut
936 1752 1002 1799 esse
1019 1734 1082 1799 alia
1105 1737 1203 1799 maior
1225 1736 1338 1818 potest,
1351 1734 1391 1800 72

210 1838 388 1903 exheredari
424 1839 583 1903 hominem
613 1858 632 1903 a
662 1856 694 1902 se
723 1839 800 1921 ipso,
834 1838 986 1901 extorrem
1017 1837 1169 1902 bonorum
1199 1840 1338 1902 omnium

176 1966 200 2006 15
209 1939 276 2003 fieri
299 1942 330 2004 et
353 1940 441 2023 quasi
464 1942 495 2004 in
519 1939 647 2005 exilium
670 1958 689 2004 a
712 1959 744 2004 se
767 1940 834 2023 ipso
865 1940 938 2022 agi?
972 1942 1066 2022 atque
1088 1941 1147 2005 hoo
1169 1960 1230 2006 non
1253 1959 1337 2006 oom-

209 2043 298 2107 muni
329 2060 413 2107 more
435 2047 490 2107 aut
512 2043 629 2108 usitato
657 2045 710 2108 sed
734 2061 812 2107 nouo
837 2045 867 2106 et
890 2043 1113 2120 crudelissimo,
1143 2043 1263 2108 soilioet
1285 2043 1339 2108 ubi

208 2144 241 2209 in
264 2145 392 2209 exilium
416 2145 522 2210 anima
544 2146 613 2227 ipsa
636 2143 776 2209 mitt'tur
798 2144 852 2208 ubi
868 2165 884 2209 e
901 2145 1106 2210 facultatibus
1123 2146 1186 2209 suis
1210 2146 1338 2227 spiritus

208 2247 378 2312 abdicatur.
410 2265 426 2312 o
451 2249 565 2329 quanto
590 2246 722 2311 leuiores
745 2250 819 2312 sunt
842 2248 981 2312 extranei
996 2251 1027 2313 et
1044 2248 1184 2312 carnalos
1200 2247 1338 2313 inimioit

207 2349 257 2414 illi
291 2352 374 2414 enim
409 2368 573 2432 corporum
606 2352 732 2414 tantum
764 2350 868 2415 hostes
898 2350 982 2428 sunt,
1016 2369 1073 2416 uos
1096 2353 1128 2416 et
1150 2351 1336 2416 animarum.

173 2453 276 2517 roleue
307 2456 353 2516 est
382 2453 489 2536 itaque
519 2453 553 2517 in
576 2453 793 2535 conparatione
817 2452 990 2519 facinorum
1013 2457 1186 2518 uestrorum
1211 2454 1389 2526 illorum73

208 2555 324 2621 odium.
363 2555 454 2620 faoile
485 2558 532 2619 est
564 2557 649 2619 enim
679 2556 830 2639 quidquid
852 2556 885 2620 in
908 2557 1065 2638 praesenti
1088 2556 1209 2622 saeculo
1231 2560 1336 2622 nocet:

207 2658 287 2723 illud
309 2677 404 2742 graue
426 2658 507 2723 illud
529 2659 739 2740 pernioiosum
761 2662 818 2736 est,
847 2659 929 2742 quod
951 2659 984 2725 in
1006 2661 1190 2726 aeternitate
1212 2661 1338 2744 iugula·

207 2761 264 2825 bit.
300 2764 332 2826 et
353 2760 423 2825 ideo
440 2761 580 2826 saluatur
603 2761 683 2843 ipse:
707 2762 848 2846 nolite,
871 2762 1068 2846 inquitate
1091 2763 1249 2840 timere,
1273 2765 1338 2848 qui

207 2867 372 2945 possunt
402 2882 544 2946 eorpus
575 2864 769 2944 oooidere,
802 2865 968 2930 animam
1000 2868 1131 2930 autern
1159 2885 1232 2931 non
1255 2886 1336 2950 pos·

172 2970 306 3031 essunt.
345 2967 437 3032 faoile
467 2971 515 3032 est
545 2986 619 3052 ergo
649 2967 765 3045 odium,
799 2968 881 3051 quod
903 2986 1011 3050 eorpus
1034 2969 1133 3034 laedit
1156 2987 1215 3034 non
1238 2969 1336 3035 laedit

208 3070 355 3154 animam,
382 3071 456 3153 quia
478 3071 560 3135 laeso
585 3089 710 3153 oorpore
732 3073 838 3136 anima
860 3073 947 3136 extra
969 3071 1120 3138 damnum
1141 3075 1190 3138 est
1213 3074 1244 3137 et
1264 3091 1336 3155 pas-

207 3172 345 3238 sionibus
370 3175 512 3238 earnium
539 3174 700 3240 beatitudo
723 3175 893 3256 spirituum
916 3194 977 3240 non
999 3175 1214 3258 interpolatur.
1255 3175 1337 3240 illud

307 3359 342 3413 aa
361 3360 460 3414 Marah,
480 3361 521 3428 ro,
541 3362 575 3414 aa

259 3530 271 3581 1
292 3528 437 3582 distitutus
455 3530 483 3582 A
501 3535 527 3584 et
544 3545 578 3583 m.
597 3535 614 3584 1
631 3530 659 3583 B
761 3531 778 3585 3
796 3531 942 3599 naufragus
960 3532 1061 3600 possita
1079 3532 1173 3586 mittat
1191 3547 1261 3587 eros.
1279 3550 1292 3586 s
1310 3539 1336 3588 et

205 3630 221 3667 a
239 3614 291 3668 uu.
309 3614 386 3669 uocis
403 3615 505 3683 possita
523 3621 549 3670 et
567 3615 631 3671 add.
649 3633 665 3671 a
682 3622 745 3672 aare
763 3618 858 3672 mittat
875 3618 903 3670 A
1006 3617 1020 3669 7
1039 3633 1108 3686 quae
1126 3633 1187 3671 oum
1205 3634 1238 3672 ea
1256 3634 1335 3688 quae-

205 3715 292 3769 onmq:
315 3714 386 3754 corr.
410 3716 444 3753 m.
467 3702 487 3753 2
511 3701 538 3752 A
643 3701 676 3755 14
700 3701 857 3757 exheredare
880 3702 908 3755 B
1010 3703 1043 3757 16
1063 3707 1127 3771 poet
1152 3703 1334 3758 crudelissimo

205 3785 270 3842 add.
284 3802 314 3854 p.
336 3791 362 3840 et
375 3784 436 3840 edu.
450 3791 515 3841 uate
527 3787 688 3842 Halmium:
707 3804 796 3843 omnes
815 3788 886 3842 enim
904 3790 1000 3856 exules,
1019 3790 1070 3843 etsi
1087 3789 1241 3860 corporibus
1261 3791 1334 3846 able-

205 3873 315 3940 gantur,
334 3872 432 3925 animis
449 3887 503 3925 non
521 3872 710 3928 eliminentur:
729 3877 756 3929 et
774 3876 797 3928 si
812 3890 891 3929 earne
903 3875 1004 3943 captiui
1016 3878 1088 3944 sunt,
1107 3876 1231 3930 cordibus
1243 3879 1333 3931 tamen

204 3956 228 4010 si
251 3957 349 4010 nolunt
372 3957 450 4011 liberi
474 3963 652 4027 perseuerant.
684 3962 740 4015 Hoo
762 3963 852 4016 autom
875 3962 946 4016 unde
969 3979 1041 4017 nuno
1062 3963 1206 4034 loquimur,
1232 3981 1333 4019 nouum

205 4042 276 4096 exilii
295 4058 379 4111 genua
398 4046 478 4113 atqua
495 4045 660 4100 tormentum
678 4049 725 4102 ast.
756 4047 882 4103 Ceterum
900 4048 934 4102 rte
948 4048 1142 4105 additamentis
1159 4051 1191 4105 iu
1206 4066 1227 4119 p
1245 4051 1333 4105 orere

205 4128 257 4195 cfr.
277 4126 423 4182 Sita-Ber.
438 4144 469 4195 p.
489 4131 525 4182 33
623 4130 668 4185 ubi
685 4148 741 4186 rua.
758 4138 824 4187 mat.
843 4134 875 4187 ia
892 4133 931 4188 ibi
950 4136 976 4188 A
1074 4137 1108 4190 23
1126 4135 1219 4205 inquid
1238 4136 1265 4189 B

205 4211 239 4267 25
255 4212 324 4282 ledit
341 4229 394 4267 non
412 4213 481 4268 ledit
499 4215 527 4268 A
630 4216 663 4271 27
682 4224 740 4286 spuit
757 4233 777 4272 e.
797 4235 848 4274 aer.
866 4236 885 4273 u
903 4221 930 4274 B
