3076 4764
651 298 817 367 epistolae
838 298 981 354 11-1111.

643 588 873 672 EPISTULA
905 589 988 671 IIII.

253 745 423 878 pratio
467 796 505 860 et
542 794 706 875 Quietae
748 750 979 877 parentibus
1024 793 1256 879 Saluianus,
1295 794 1408 866 Pal-l

530 898 651 976 ledia,
676 896 906 979 Auspiciola
928 898 1104 962 salutem.

296 1019 413 1084 Paulus
437 1019 609 1101 apostolus,
632 1018 795 1084 electionis
819 1035 892 1096 uas,
916 1016 1067 1101 magister
1088 1018 1162 1083 fidei
1185 1023 1216 1083 et
1239 1023 1378 1102 recepta·

233 1121 359 1186 sculum
388 1119 448 1200 dei,
478 1140 549 1185 cum
573 1139 679 1186 omnes
709 1122 856 1204 epistolas
879 1139 951 1186 suas
974 1123 1082 1204 utpote
1105 1122 1380 1203 eloquentissimus

172 1239 191 1269 ⁸
255 1225 304 1288 uir
333 1222 514 1299 dictauerit,
549 1225 734 1305 quibusdam
763 1229 867 1289 tamen
897 1243 959 1289 non
989 1243 1081 1290 suum
1110 1228 1236 1290 tantum
1266 1244 1380 1291 nomen

254 1327 421 1410 inscripsit,
446 1327 598 1409 siquidem
622 1331 654 1392 in
677 1327 748 1392 eliis
770 1327 901 1406 Siluani,
925 1326 958 1390 in
982 1328 1140 1392 nonnullis
1156 1329 1322 1407 Timothei,
1347 1329 1380 1393 in
1477 1340 1482 1345 ·’

254 1430 440 1511 quibusdam
463 1450 537 1496 uero
559 1433 721 1512 utriusque
744 1431 862 1495 nomini
885 1451 976 1496 suum
998 1449 1111 1496 nomeu
1135 1433 1285 1497 adiunxit.
1324 1451 1379 1498 cor

253 1535 308 1599 id?
343 1536 494 1616 primum,
524 1535 628 1613 credo,
659 1537 694 1598 ut
717 1534 813 1599 simul
842 1553 907 1598 esse
935 1539 1174 1617 agnoscerentur
1203 1536 1255 1617 qui
1285 1536 1380 1600 simul

219 1637 440 1703 1oscriberent:
473 1637 585 1702 deinde
614 1640 650 1701 ut
672 1637 705 1715 ii,
734 1637 788 1720 qui
816 1636 985 1720 separatim
1009 1640 1047 1702 ab
1070 1655 1251 1720 unoquoque
1273 1656 1378 1703 eorum
1446 1691 1448 1695 ,

254 1741 356 1804 edocti
391 1741 524 1816 fuerant,
561 1741 676 1804 scirent
710 1739 852 1804 omnium
880 1759 941 1805 non
969 1741 1143 1822 discrepare
1173 1743 1378 1807 sententiam:

255 1848 420 1925 postremo,
445 1850 481 1909 ut
497 1861 572 1926 quos
589 1846 783 1928 singulorum
799 1864 862 1909 non
876 1846 1023 1910 mouebat
1039 1846 1217 1921 auctoritas,
1242 1849 1379 1909 omnium

254 1948 360 2011 saltim
388 1952 527 2012 moueret
557 1949 716 2013 adsensus.
752 1949 798 2012 ita
827 1968 898 2032 ergo
930 1954 961 2013 et
987 1969 1060 2029 nos,
1096 1949 1307 2030 exemplorum
1329 1949 1409 2014 Μ

254 2053 395 2133 gentium
425 2053 514 2133 parui
542 2052 725 2130 imitatores,
755 2056 794 2118 ad
822 2071 886 2127 uos,
920 2071 995 2134 quos
1019 2053 1129 2115 natura
1151 2056 1296 2131 parentes
1319 2049 1378 2114 fide

220 2172 245 2212 15
254 2153 365 2218 fratres
388 2155 501 2219 honore
523 2155 664 2219 dominos
675 2153 840 2233 habemus,
864 2174 935 2234 non,
960 2158 996 2218 ut
1013 2154 1143 2236 apostoli
1162 2153 1219 2236 illi,
1244 2153 1379 2217 auctoni·

253 2257 318 2321 tate
342 2258 522 2321 docentium
551 2256 725 2335 scribimus,
754 2258 807 2320 sed
830 2256 1010 2320 humilitate
1041 2256 1237 2333 famulorum,
1267 2258 1379 2337 utqui

255 2358 401 2424 hactenus
430 2359 626 2441 singulorum
654 2360 831 2424 nostrorum
863 2360 1003 2440 epistolis
1027 2377 1089 2422 non
1118 2358 1195 2422 moti
1224 2359 1297 2421 estis
1327 2361 1379 2424 uel

253 2480 336 2526 nunc
364 2465 504 2527 omnium
532 2463 747 2526 obsecratione
775 2464 971 2541 moneamini,
1005 2480 1120 2544 nosque
1143 2459 1223 2524 filios
1247 2465 1377 2544 uestros

254 2584 293 2629 ne
317 2567 370 2647 qui
393 2586 428 2630 ex
451 2565 605 2649 superfluo
628 2570 731 2629 metus
756 2566 807 2642 sit,
837 2568 869 2629 et
890 2565 986 2629 simul
1008 2564 1113 2630 sciatis
1138 2583 1205 2628 esse
1228 2566 1258 2628 et
1281 2557 1406 2630 unum'

219 2670 368 2733 rosentire
397 2670 513 2749 pariter
537 2674 567 2733 et
590 2671 727 2733 metuere
750 2675 781 2734 et
805 2669 978 2753 aequaliter
1009 2670 1193 2751 supplicare,
1222 2689 1283 2734 non
1306 2670 1380 2752 quia

254 2774 387 2836 sciamus
410 2792 526 2837 anuos
550 2774 693 2838 omnibus
716 2775 911 2852 irascamini,
935 2774 988 2837 sed
1011 2774 1084 2854 quia
1107 2790 1163 2837 nos
1186 2791 1247 2837 non
1270 2792 1379 2855 possu-

254 2894 437 2940 muscanea
461 2895 525 2941 esse
549 2877 651 2942 diuisi.
686 2879 769 2942 idem
793 2878 875 2941 enim
899 2877 988 2941 nobis
1013 2877 1180 2941 admodum
1195 2881 1299 2943 metus
1322 2881 1410 2958 est,3

254 2979 377 3044 etiamsi
411 2999 473 3045 non
508 2982 615 3045 eadem
648 2983 773 3047 uidetur
807 2982 931 3046 offensas
975 2981 1087 3047 caritas
1124 2982 1237 3064 quippe
1269 2982 1381 3045 mutua

253 3083 340 3159 facit,
364 3087 399 3148 ut
421 3086 497 3149 licet
521 3103 576 3149 uos
600 3104 660 3150 non
682 3086 806 3167 utrique
823 3084 928 3148 forsan
952 3086 1167 3164 suscensentis
1190 3104 1252 3149 uno
1274 3089 1380 3148 tamen
1404 3165 1406 3169 .

219 3199 290 3248 2⁵ex
312 3185 402 3250 nobis
425 3206 477 3252 reo
500 3189 579 3252 alter
602 3189 669 3252 sine
697 3187 828 3251 tristitia
857 3189 961 3251 reatus
985 3206 1134 3252 essenon
1158 3188 1264 3269 possit.
1299 3187 1379 3250 illud

253 3305 327 3351 sane
361 3290 418 3364 est,
455 3293 536 3372 quod
571 3309 627 3355 nos
658 3291 842 3354 contendere
873 3290 907 3352 in
937 3291 1039 3373 aliquo
1064 3294 1094 3354 et
1124 3290 1241 3354 certare
1269 3290 1379 3352 mutuo

256 3391 359 3474 faciat,
391 3395 472 3475 quod
496 3413 566 3458 oum
589 3395 679 3459 ambo
708 3393 766 3456 filii
789 3395 885 3457 uestri
911 3394 1081 3476 aequaliter
1103 3394 1150 3456 rei
1172 3393 1279 3470 simus,
1308 3392 1378 3473 plus

253 3495 360 3560 tamen
391 3499 599 3579 unusquisque
630 3501 771 3562 nostrum
801 3516 856 3580 pro
886 3498 985 3561 altero
1016 3515 1109 3577 quam
1140 3514 1195 3577 pro
1219 3515 1252 3559 se
1275 3495 1377 3559 timet.

253 3603 394 3681 parentes
428 3601 594 3680 carissimi,
630 3601 772 3683 parentes
806 3600 1068 3673 reuerendissimi,
1103 3600 1290 3681 interrogari
1324 3603 1411 3668 usse

306 3894 392 3949 lVII
410 3895 442 3949 io
459 3910 509 3965 rap.
533 3894 556 3950 0
657 3892 673 3946 2
695 3893 788 3962 ypatio
817 3891 839 3946 Ο
939 3891 957 3944 4
980 3891 1037 3958 uas]
1064 3905 1124 3943 suas
1139 3892 1236 3958 priore
1255 3895 1379 3958 spurici.

258 3980 281 4034 0
383 3979 566 4034 ltimoteiO
667 3979 702 4032 10
718 3979 759 4033 hii
782 3979 805 4034 0
905 3977 938 4030 19
956 3993 989 4030 ne
1007 3977 1052 4045 qui
1067 3976 1248 4045 praecedento
1265 3977 1379 4031 Ritters-

253 4068 331 4120 hcsa'o
349 4067 491 4121 Halmius:
516 4082 576 4134 neq3
600 4065 623 4120 0
724 4066 759 4118 24
781 4065 870 4120 forsan
889 4080 923 4118 ecc
941 4063 1039 4116 forsam
1057 4079 1091 4116 m.
1110 4068 1133 4127 1,
1156 4068 1188 4117 ct
1205 4063 1271 4126 cdd„
1284 4061 1314 4129 Ι0

253 4154 287 4207 25
305 4154 410 4222 possint
423 4159 520 4222 pwnct.
538 4169 557 4206 n
579 4152 602 4207 0
688 4151 722 4205 29
740 4149 951 4204 reuerentissimi
974 4149 996 4204 Ο
1081 4149 1245 4217 interrogare
1263 4149 1380 4203 Rectore-

253 4239 349 4294 homas
