3076 4764
542 271 582 324 ad
600 273 774 326 eeclesiam
798 272 827 328 II
846 276 862 336 ἓ
880 273 989 328 61-67.
1268 277 1330 344 265

207 466 238 527 et
261 461 397 543 quietem
420 480 527 527 ueram
555 462 745 528 desideranti
769 480 828 527 non
859 464 925 544 pati
955 465 1081 529 tantum
1103 466 1196 529 nimis
1218 484 1333 548 magna

205 562 396 647 inquietudo,
432 563 484 629 sed
518 563 612 629 etiam
642 563 748 629 uidere
781 565 1006 647 quodammodo
1036 584 1108 646 pars
1140 566 1189 630 est
1210 569 1334 650 inquie-

205 667 332 746 tudinis,
358 685 494 750 quasque
518 667 644 732 etiamsi
666 667 799 733 subdere
823 667 935 751 aliquis
958 668 1141 751 disciplinae
1156 688 1192 736 aa
1207 671 1332 737 silentio

205 772 293 852 uelit,
318 773 507 854 conprimere
529 775 635 836 tamen
658 790 766 836 earum
787 773 1034 854 inquietudinem
1057 792 1128 839 oum
1147 792 1205 838 sua
1227 775 1333 854 quieta

185 892 267 939 suun
298 875 411 956 possit:
446 878 521 942 adeo
551 876 645 942 etiam
672 876 742 958 ipsa
764 877 940 942 emendatio
962 879 1083 943 alienae
1104 877 1332 959 inquietudinis

204 980 398 1063 perturbatio
422 981 469 1043 est
491 980 614 1044 nostrae
637 978 761 1061 quietis.
793 981 868 1045 haee
883 984 1000 1064 autem,
1025 1000 1103 1063 quae
1119 981 1155 1044 de
1178 981 1236 1046 hoe
1259 979 1385 1047 seruet

205 1084 299 1148 loeuti
322 1101 438 1161 sumus,
461 1081 501 1146 ad
523 1100 627 1146 omnes
648 1082 806 1164 pertinent
829 1082 974 1166 omnique
996 1084 1113 1168 pariter
1136 1085 1232 1148 aetati
1247 1087 1334 1150 sexui

205 1186 442 1267 infirmitatique
479 1184 677 1250 oonueniunt.
727 1204 788 1251 non
822 1189 870 1249 est
907 1187 1012 1270 itaque
1050 1188 1131 1269 quod
1171 1188 1333 1270 eonpetere

207 1290 371 1372 quisquam
395 1288 450 1352 aut
472 1305 533 1352 non
548 1286 654 1352 obesse
677 1287 807 1352 diuitias
829 1288 973 1373 religioni
994 1292 1099 1371 putet:
1123 1290 1334 1371 inpedimenta

171 1393 280 1458 rohaee
313 1392 388 1457 sunt
418 1409 479 1455 non
509 1392 700 1472 adiumenta,
735 1408 829 1457 onera
857 1410 919 1457 non
948 1392 1100 1458 subsidia.
1140 1393 1332 1474 possessione

206 1497 288 1561 enim
312 1497 343 1561 et
371 1514 430 1560 usu
457 1512 551 1576 opum
580 1512 640 1559 non
673 1495 852 1560 suffulcitur
885 1496 994 1578 religio
1024 1500 1077 1562 sed
1109 1496 1262 1562 auertitur
1284 1515 1333 1562 sa·

207 1601 343 1664 eundum
371 1600 467 1681 illud,
498 1601 578 1681 quod
608 1599 751 1664 domiuus
779 1600 844 1681 ipse
873 1599 963 1675 dicit:
993 1599 1230 1665 sollicitudo
1252 1618 1332 1664 sae·

206 1702 283 1767 auli
320 1703 443 1767 istius
480 1705 517 1766 et
554 1702 719 1768 fallacia
756 1702 993 1768 diuitiarum
1031 1704 1234 1769 suifoeant
1272 1702 1333 1771 dei

205 1810 365 1874 uerbum
399 1807 438 1870 et
470 1806 554 1871 sine
589 1807 725 1872 iruotu
758 1806 960 1873 affieitur.
1000 1810 1121 1890 proprie
1157 1809 1264 1890 utique
1297 1824 1334 1871 ao
1366 1818 1373 1831 ”

172 1929 197 1970 1⁶
206 1911 284 1975 satis
314 1910 442 1992 pulehre
472 1910 599 1976 fallaees
630 1910 709 1976 dixit
739 1930 806 1976 esse
833 1910 977 1976 diuitias:
1008 1911 1091 1976 bona
1113 1911 1197 1976 eninr
1220 1911 1253 1974 et
1274 1929 1332 1991 pu·

205 2016 314 2079 tantur
337 2018 368 2080 et
390 2015 586 2098 appellantur
601 2032 637 2078 ae
657 2034 714 2097 per
736 2014 793 2081 hoe
817 2014 932 2079 fallunt
947 2014 1088 2078 homines
1104 2014 1229 2079 nomina
1244 2031 1334 2096 prae·

206 2119 341 2183 sentium
363 2117 526 2199 bonorum,
550 2136 621 2181 enm
645 2119 708 2181 sint
731 2135 839 2182 causae
861 2119 1018 2183 malorum
1041 2121 1246 2182 aeternorum.

248 2238 356 2304 XIIII.
387 2237 447 2303 Sed
476 2239 552 2302 lieet
577 2238 722 2302 haesita
744 2238 817 2319 sint,
846 2241 883 2302 ut
905 2241 981 2302 deus
1003 2238 1070 2320 ipse
1093 2238 1255 2318 praedixit,
1279 2238 1333 2302 ad·
1343 2235 1385 2303 66

208 2342 401 2423 quiescamus
424 2346 531 2407 tamen
554 2340 687 2407 miseriis
710 2341 903 2422 quorundam
927 2346 1020 2423 atque
1043 2339 1255 2424 languoribus,
1279 2340 1334 2423 qui

163 2448 320 2526 reputant
343 2464 376 2509 se
397 2447 464 2510 sine
486 2446 610 2528 magnis
633 2444 759 2510 omnino
782 2445 890 2526 opibus
913 2445 1016 2510 uitem
1039 2463 1129 2528 agere
1150 2461 1212 2508 non
1233 2461 1332 2525 posse.

207 2549 273 2614 esto
297 2553 341 2628 tu,
365 2549 553 2631 quicumque
575 2551 629 2613 aut
651 2567 865 2631 quaecumque
887 2549 945 2614 illa
961 2566 995 2612 as
1017 2549 1119 2613 saneti
1141 2547 1275 2611 nominis
1297 2565 1333 2613 aa

207 2652 417 2733 professionis,
451 2656 516 2716 esto
551 2650 681 2717 diuitias
717 2653 781 2717 esto
813 2651 917 2734 oopias
946 2655 1017 2716 tuas
1048 2670 1146 2734 usque
1176 2653 1215 2715 ad
1237 2650 1333 2714 finem

207 2757 291 2819 uitae
326 2754 417 2819 istius
450 2754 576 2839 habeas,
611 2756 777 2821 dummodo
811 2755 919 2820 saltim
940 2755 974 2819 in
1001 2755 1062 2819 tine
1095 2753 1155 2818 tibi
1178 2753 1332 2819 senseras:

208 2862 273 2922 esto
295 2859 387 2924 rebus
403 2877 439 2922 ao
461 2856 665 2923 facultatibus
688 2861 752 2923 tuis
774 2859 807 2922 in
829 2859 897 2922 uita
912 2859 972 2923 hae
988 2861 1036 2923 uti
1051 2859 1142 2936 uelis,
1166 2856 1333 2923 dummodo

173 2962 255 3026 nutui
286 2962 338 3026 uel
371 2963 506 3028 moriens
538 2978 601 3025 non
634 2960 827 3026 obliuiscaris
854 2961 887 3025 et
915 2963 956 3026 ad
986 2962 1051 3026 eius
1085 2962 1204 3026 uultum
1240 2964 1333 3043 atqua

207 3065 352 3128 honorem
381 3064 575 3128 referendam
602 3063 661 3127 tibi
684 3064 890 3128 substantiam
913 3068 1002 3129 tuam
1024 3065 1214 3146 memineris,
1245 3065 1333 3128 euius
1358 3102 1361 3109 ·

208 3167 239 3229 te
262 3186 391 3231 munere
412 3168 565 3248 aeeapisse
589 3168 758 3250 eognoseis.
794 3166 968 3231 humanum
995 3168 1044 3232 ast
1067 3168 1149 3249 quod
1172 3168 1209 3231 ab
1233 3168 1332 3231 omni·
1343 3161 1384 3228 61

208 3269 266 3335 bus
296 3271 392 3353 uobis,
424 3289 441 3334 o
465 3270 580 3334 diuites
600 3269 711 3334 mundi
740 3267 841 3352 huius,
872 3269 992 3350 petitur
1016 3287 1053 3334 ae
1074 3269 1267 3335 deliciosum.
1305 3269 1334 3333 si

208 3363 360 3456 inpetrari
383 3373 421 3439 ab
452 3390 636 3457 unoquoque
667 3373 807 3437 uestrum
838 3391 898 3438 non
929 3375 1042 3454 potest,
1074 3377 1110 3436 ut
1132 3391 1199 3436 esse
1221 3372 1254 3435 in
1277 3371 1335 3436 hoo

310 3537 343 3589 12
364 3537 465 3590 Maean
485 3537 523 3603 13,
542 3537 576 3590 22

257 3684 274 3738 3
301 3683 420 3754 subdere]
445 3683 536 3737 sedare
559 3699 593 3738 ea
616 3682 704 3738 sedere
721 3698 790 3738 sorr.
808 3687 879 3736 m.2
902 3683 930 3736 B
1034 3681 1050 3734 7
1077 3681 1162 3741 aetati
1187 3684 1335 3737 euastata

206 3785 276 3824 eoru.
294 3787 329 3825 m.
345 3773 365 3825 2
383 3769 410 3824 Β
427 3770 491 3824 deos
508 3769 602 3824 statim
620 3769 811 3838 impedimenta
829 3786 863 3823 ea
880 3769 936 3838 inp.
1041 3769 1074 3831 11,
1091 3767 1245 3837 redigisset»
1261 3783 1336 3822 auer-

208 3859 278 3912 titur
296 3857 356 3924 (se'o)
380 3873 451 3910 eras.
474 3857 492 3910 d
513 3873 548 3910 m.
566 3861 583 3910 1
604 3856 632 3910 A
658 3857 783 3926 religiose
807 3856 957 3910 deuertitur
982 3855 1010 3909 B
1026 3854 1132 3923 ¹religio
1156 3854 1202 3909 sad
1225 3854 1335 3909 subuer-

206 3945 276 3997 titur
303 3945 376 4011 (oum
403 3943 428 4009 b)
456 3942 496 3998 ed.
525 3943 662 3996 Boeotus
784 3943 816 3995 13
840 3941 952 4004 fallatia
978 3941 1003 3994 d.
1030 3957 1052 3996 s.
1079 3941 1125 3995 dm
1152 3940 1211 4006 (sia)
1238 3941 1266 3994 B

206 4030 240 4082 23
258 4029 354 4083 saltem
372 4045 405 4084 ea
423 4029 515 4083 saltim
533 4043 603 4083 corr.
622 4046 656 4083 m.
674 4032 694 4082 2
711 4030 739 4083 A
757 4030 830 4096 (dem
843 4029 931 4096 paulo
943 4031 1017 4097 poet)
1121 4027 1253 4096 conferas]
1272 4041 1335 4080 eon·

207 4116 279 4168 sulas
296 4116 455 4184 suspicatur
471 4115 617 4170 Hartele'us
640 4115 892 4182 corrupendos
994 4114 1029 4169 28
1052 4113 1206 4168 deliciosam
1230 4129 1265 4167 ex
1287 4112 1334 4167 dil.-

206 4216 274 4254 eorr.
292 4217 326 4255 m.
344 4205 362 4255 2
379 4201 407 4255 Β
