3076 4764
221 272 287 338 304
708 267 865 322 Saluisni

192 460 292 543 9plus
323 459 459 543 diligat?
496 477 533 525 ao
561 457 605 524 sio
627 458 664 523 fit
688 461 724 522 ut
745 457 909 522 soluantur
932 458 1036 522 omnia
1058 460 1090 520 et
1112 459 1297 522 euanesoant
1319 456 1352 520 et

222 563 386 643 intereant,
415 580 513 645 neque
541 561 644 627 ullum
671 562 740 643 quis
769 559 914 625 uiliorem
938 559 1057 625 habeat
1076 578 1169 642 quam
1192 578 1224 626 se
1247 560 1350 642 ipsum

221 685 320 747 neque
342 665 445 730 ullum
467 663 644 730 inferiorem
667 682 763 746 quam
784 666 885 730 deum.
917 664 944 727 si
966 665 1051 730 enim
1073 663 1174 728 ullum
1197 665 1245 728 est
1267 663 1350 727 tem-

221 788 289 854 pus,
313 787 372 850 quo
396 767 435 833 ab
459 767 564 850 aliquo
595 767 696 850 possit
719 767 794 832 deus
818 765 976 832 adfinibus
998 773 1053 832 aut
1074 764 1259 850 propinquis
1281 765 1350 831 iure

220 872 374 957 postponi,
410 870 535 936 nullum
562 874 617 951 est,
654 889 714 952 quo
742 871 844 954 possit
874 870 941 935 iure
962 869 1127 953 praeponi:
1162 868 1211 934 sin
1233 870 1385 951 autem,s

221 978 301 1057 quod
324 992 435 1038 uerum
456 973 513 1053 est,
536 973 659 1038 nullum
683 975 731 1038 est
752 975 878 1039 omuino
901 979 1035 1057 tempus,
1065 989 1125 1055 quo
1151 988 1213 1036 non
1236 969 1350 1036 debeat

222 1078 378 1158 anteponi,
402 1075 526 1141 nullum
550 1077 597 1139 est
620 1075 746 1141 omnino
765 1078 900 1159 tempus,
924 1093 984 1158 quo
999 1076 1099 1159 possit
1113 1076 1180 1140 iure
1194 1074 1348 1157 postponi.

220 1180 344 1245 nullum
380 1181 496 1261 utique,
531 1183 562 1244 et
590 1179 658 1244 ideo
682 1199 720 1245 ne
742 1183 775 1245 in
805 1183 952 1246 extremis
981 1178 1118 1262 quidem,
1151 1179 1225 1261 quia
1253 1177 1348 1242 etiam

221 1281 342 1345 iustum
374 1281 532 1345 hominem
565 1284 715 1365 propheta
737 1284 859 1363 indie,
893 1303 953 1367 qua
983 1282 1142 1356 errauerit,
1177 1280 1254 1346 dioit
1281 1298 1348 1344 esse

172 1384 213 1450 10
221 1385 404 1466 periturum.
441 1385 545 1465 itaque
568 1386 594 1449 si
617 1387 717 1451 omnis
740 1404 825 1451 error
848 1387 978 1453 errantis
1001 1385 1173 1469 perditione
1195 1384 1384 1448 multaturro

222 1491 253 1553 et
280 1487 328 1552 his
358 1505 478 1571 quoque
512 1487 667 1554 erroribus
700 1489 769 1553 uita
800 1487 963 1554 hominum
996 1488 1202 1570 periclitatur,
1234 1484 1348 1569 quibus

221 1590 337 1657 usitate
364 1594 458 1672 atque
487 1593 695 1656 communiter
724 1591 902 1657 innocentia
924 1593 1061 1657 humana
1082 1592 1243 1673 polluitur,
1272 1589 1347 1671 quid

221 1693 363 1758 futurum
387 1692 612 1774 existimamus,
636 1694 691 1759 ubi
713 1697 745 1759 in
768 1694 861 1759 deum
883 1698 986 1777 ipsum
1008 1694 1188 1760 detestabili
1210 1693 1345 1758 infideli·

222 1800 288 1860 tate
310 1799 479 1876 peooatur?
515 1797 550 1861 si
572 1799 688 1874 enim,
722 1797 826 1880 inquit
848 1798 1017 1881 apostolus,
1041 1798 1166 1864 omnis
1188 1795 1346 1861 inoboe-

222 1901 374 1964 dientia
417 1902 564 1965 iustam
601 1902 750 1984 aooipit
793 1901 985 1966 mercedis
1022 1900 1383 1982 retributionem‚1u

222 2021 293 2084 quo
316 2004 427 2068 modo
450 2021 518 2070 nos
541 2001 792 2087 effugiemus,
824 2004 856 2068 si
879 2006 1032 2070 tantam
1054 2002 1347 2087 neglexerimus

222 2105 410 2170 salutem?
444 2106 550 2171 nullus
574 2109 679 2171 autem
702 2109 835 2172 salutem
858 2125 962 2171 ueram
987 2106 1059 2188 plus
1081 2106 1231 2189 neglegit,
1254 2122 1347 2188 quam

222 2208 276 2289 qui
298 2210 353 2273 deo
381 2208 499 2291 aliquid
528 2209 698 2292 anteponit.
737 2227 807 2274 eum
831 2209 915 2274 onim
937 2210 1022 2275 salus
1045 2210 1151 2274 nostra
1173 2227 1287 2273 munus
1311 2226 1347 2272 uo

221 2310 434 2376 misericordia
463 2311 512 2377 dei
541 2311 593 2395 sit,
622 2313 757 2393 quaesi
785 2315 865 2378 ratio
893 2315 1122 2395 consequendae
1151 2312 1264 2377 salutis
1287 2311 1346 2388 est,

222 2415 274 2496 qui
304 2414 396 2478 deum
426 2417 529 2498 ipsum
557 2416 697 2498 despicit,
729 2416 761 2480 in
790 2419 878 2482 ouius
900 2415 1114 2481 misericordia
1134 2415 1218 2480 salus
1241 2415 1382 2478 nostrane

172 2519 386 2584 neomuto?
424 2521 479 2582 aut
501 2538 573 2583 eum
596 2518 686 2583 iudex
709 2521 741 2584 et
763 2520 908 2585 uiuorum
931 2521 973 2584 sit
996 2521 1071 2584 deus
1095 2524 1125 2584 et
1141 2521 1345 2599 mortuorum,

222 2640 300 2702 quae
323 2622 352 2687 ei
374 2640 444 2703 spes
467 2623 498 2687 in
522 2622 571 2686 dei
586 2620 700 2687 iudicio
717 2641 784 2687 esse
799 2624 924 2706 poterit,
948 2625 998 2705 qui
1016 2642 1087 2687 eum
1103 2620 1198 2686 otiam
1213 2619 1346 2686 moriens

221 2725 336 2791 iudioio
366 2742 420 2788 suo
450 2726 612 2806 spreuerit,
644 2745 662 2790 a
684 2744 743 2808 quo
773 2729 821 2792 est
843 2727 952 2792 statim
975 2730 1117 2791 mortuus
1140 2723 1346 2789 iudicandus?

222 2828 254 2891 et
282 2828 360 2911 ideo,
389 2830 425 2891 ut
453 2830 608 2910 scriptura
636 2827 744 2893 diuina
766 2830 820 2906 ait,
850 2829 889 2894 in
912 2846 983 2911 quo
1006 2827 1156 2893 iudicio
1179 2826 1346 2905 iudicat,

222 2929 262 2993 in
295 2948 335 2995 eo
367 2929 617 2996 iudicabitur
645 2931 690 2996 de
719 2951 777 3012 eo,
812 2933 870 2998 lroo
899 2936 962 2997 est:
996 2951 1056 3014 quo
1085 2931 1198 2996 iudioio
1228 2929 1382 2994 iudieutrs

223 3032 260 3097 de
293 3033 360 3112 deo,
394 3052 429 3098 eo
463 3034 528 3116 ipse
561 3033 751 3101 iudioabitur
783 3054 802 3101 a
832 3038 897 3111 deo,
931 3055 1029 3118 neque
1062 3034 1205 3116 iniquum
1239 3035 1348 3115 putare

222 3136 347 3218 poterit,
371 3136 398 3200 si
413 3155 484 3200 eum
507 3136 629 3202 eunetis
652 3137 685 3201 in
708 3138 813 3204 futuro
830 3139 973 3203 dominus
994 3137 1212 3222 postposuerit,
1237 3135 1346 3219 quiin

222 3240 380 3322 praesenti
414 3244 506 3305 deum
540 3240 660 3304 eunetis
693 3243 760 3323 ipse
793 3243 962 3323 postponit,
997 3260 1054 3306 neo
1087 3241 1183 3323 queri,
1217 3240 1245 3303 si
1276 3258 1347 3304 eum

324 3426 451 3481 9Ezeeh.
470 3425 567 3480 11120
671 3427 704 3480 14
720 3426 802 3480 Hebr.
820 3427 879 3492 2,2
981 3427 1015 3482 24
1032 3427 1164 3482 Meosne

274 3599 288 3653 1
308 3601 467 3652 euaneseont
485 3613 519 3651 010
537 3600 608 3652 seat
626 3613 695 3652 0000.
712 3603 776 3652 001
792 3600 820 3652 A
924 3602 952 3652 et
969 3598 1105 3652 intereant
1123 3615 1184 3653 01101
1202 3599 1217 3653 b
1235 3598 1347 3667 sempet-

222 3699 296 3737 mue:
322 3685 458 3738 intereant
482 3684 538 3737 AB
564 3685 751 3752 intereuntque
775 3701 835 3738 eam
850 3701 872 3752 p
889 3685 1021 3739 Halmius
1123 3685 1141 3738 4
1163 3684 1292 3738 affinibus
1313 3700 1348 3739 001

222 3769 277 3824 adl.
296 3785 363 3824 0000.
377 3773 444 3824 out
460 3770 516 3823 AB
610 3772 627 3826 5
644 3772 788 3825 nullum-
794 3771 921 3839 praeponi
938 3773 966 3825 A
977 3773 1009 3824 ia
1021 3786 1108 3840 marg.
1120 3771 1200 3826 tutet
1211 3774 1278 3825 m.2

222 3854 621 3909 60100100000010211
719 3857 857 3925 9profeto
874 3859 902 3910 A
1000 3857 1230 3913 1401011100ον.
1249 3874 1261 3910 s
1279 3859 1347 3912 m.2

222 3940 250 3993 Β
343 3940 528 4008 inobydientia
546 3942 573 3994 Β
590 3948 615 3998 et
630 3958 651 3995 0.
669 3959 687 4010 y
704 3958 755 3996 000.
774 3959 788 3996 0
804 3947 869 3998 002
885 3945 913 3996 A
932 3945 989 4010 (eie)
1087 3944 1119 3998 16
1137 3943 1294 4012 effugiemus
1313 3959 1347 3998 00

224 4042 313 4080 -amus
331 4041 402 4082 0000.
419 4030 486 4082 002
503 4028 530 4082 Β
628 4030 661 4083 18
679 4035 711 4083 od
729 4045 763 4083 001
781 4045 826 4082 aur
843 4045 911 4084 0000.
930 4034 998 4084 002
1016 4031 1043 4083 Β
1139 4029 1174 4082 20
1191 4027 1300 4098 dispioit
1317 4031 1345 4082 A

223 4111 295 4180 desp.
315 4128 347 4165 000
364 4112 431 4182 disp.
450 4129 519 4169 0000.
536 4131 571 4171 ro,
589 4117 609 4168 2
626 4113 655 4168 Β
757 4115 792 4168 24
809 4115 940 4170 scribtura
958 4118 985 4169 A
1082 4117 1123 4169 ait
1141 4115 1233 4168 diuina
1250 4115 1277 4167 Β

223 4198 257 4251 28
279 4199 369 4265 quaeri
386 4198 443 4252 AB
458 4199 507 4254 sect
524 4200 552 4252 B
569 4216 638 4254 0000.
656 4217 690 4254 m.
709 4216 760 4255 000.
785 4201 860 4268 queri
877 4204 965 4270 potest
983 4208 1009 4256 et
1026 4203 1064 4255 ste
1083 4202 1123 4254 ed.
1142 4201 1277 4255 Bolaaioe
