3076 4764
534 262 574 316 ad
591 263 767 318 eeclesiam
786 263 816 318 11
835 266 850 327 ἓ
868 263 960 318 9-15.
1249 265 1312 331 249

185 471 274 536 quam
299 451 377 516 haee
399 470 478 534 quae
500 454 608 535 loquor
630 454 708 519 seire
732 471 838 518 omnes
862 453 1000 536 legentes
1022 455 1105 539 uolo,
1129 472 1192 520 non
1206 475 1256 520 me
1272 455 1310 522 de

184 555 325 621 omnibus
349 558 465 621 sanetis
487 557 543 621 sed
566 557 603 621 de
624 557 675 623 his
697 561 822 625 tantum
845 557 941 640 loqui,
965 558 1018 640 qui
1033 557 1109 622 lieet
1125 557 1309 643 religionem

183 657 313 740 professi
345 659 418 740 sint,
453 663 559 726 tamen
592 659 719 727 diuitias
747 677 810 727 non
838 660 1029 744 relinquunt.
1062 663 1099 726 de
1128 660 1193 725 illis
1216 662 1310 744 enim,
1322 659 1363 726 13

185 762 238 844 qoi
267 762 401 844 expediti
434 763 579 828 omnibus
612 764 744 831 sarcinis
777 763 943 830 saluatoris
971 762 1056 829 uiam
1085 766 1256 846 sequuntur
1279 766 1311 828 et

162 864 345 930 odominum
367 867 474 931 Iesum
497 865 658 931 Christum
690 885 752 932 non
785 867 950 932 sanctitate
985 868 1109 932 tantum
1140 867 1311 932 sedetiam

184 969 365 1050 paupertate
398 970 587 1044 mereantur,
622 968 704 1034 nihil
737 971 785 1034 est
817 970 899 1052 quod
922 968 985 1034 diei
1006 971 1113 1053 possit,
1147 969 1210 1034 nisi
1231 967 1310 1035 illud

184 1072 318 1149 tantum,
354 1074 435 1154 quod
468 1074 564 1138 etiam
597 1073 746 1157 propheta
781 1072 876 1139 dixit:
910 1071 1006 1138 mihi
1033 1071 1344 1138 autemnimis

183 1173 448 1240 honorificati
470 1177 562 1241 sunt
589 1175 706 1243 amisi
734 1175 809 1251 tui,
838 1177 942 1241 deus.
977 1176 1034 1240 hos
1058 1175 1141 1241 enirn
1164 1193 1221 1258 ego
1243 1191 1312 1239 orn·

184 1295 238 1341 nes
260 1296 321 1342 non
343 1279 435 1344 aliter
458 1297 551 1362 quam
573 1279 749 1347 imitatores
764 1278 882 1345 Christi
904 1282 1017 1345 honoro
1034 1297 1096 1344 uon
1111 1279 1203 1346 aliter
1218 1297 1311 1361 quam

150 1399 175 1439 ιο
184 1377 301 1444 Christi
324 1380 476 1464 imagines
499 1383 565 1447 eolo
582 1400 644 1447 nou
660 1381 752 1448 aliter
768 1401 861 1464 qnam
877 1381 995 1448 Christi
1011 1382 1151 1449 membra
1165 1381 1310 1464 suspirio,

184 1484 216 1545 et
244 1483 284 1548 ad
313 1482 371 1548 hoo
403 1484 530 1550 tantum
562 1484 688 1556 illorum
716 1486 855 1564 memini,
879 1487 1043 1550 uteorum
1066 1485 1219 1550 memoria
1240 1483 1311 1567 dig·

184 1605 242 1650 nus
264 1587 348 1651 fiam.

227 1707 302 1773 IIII.
334 1708 395 1774 Sed
417 1708 564 1775 iniuriosa
580 1709 710 1775 forsitan
731 1709 794 1790 illa,
818 1727 897 1792 quae
912 1726 1006 1790 supra
1021 1707 1165 1787 diximus,
1189 1706 1311 1790 religio·
1323 1706 1363 1772 14

184 1829 237 1876 sae
268 1811 452 1892 professioni
481 1831 547 1879 esse
574 1811 748 1880 uideantur.
784 1812 860 1895 *quid
889 1812 983 1889 enirn,
1014 1812 1116 1893 inquit
1139 1809 1260 1892 uliquis,
1283 1811 1311 1876 si

149 1913 280 1980 rsuidua
313 1915 356 1979 sit
388 1915 475 1980 diues
505 1918 537 1979 et
566 1915 753 1981 uiduitatem
782 1919 888 1980 tamen
916 1915 949 1978 in
973 1933 1087 1998 magna
1108 1932 1202 1997 opum
1224 1915 1312 1996 eopia

185 2036 246 2083 non
266 2019 475 2100 relinquens?
508 2021 592 2104 quid.
622 2021 648 2082 si
678 2019 768 2100 uirgo
798 2018 1013 2102 integritatem
1042 2017 1181 2101 professa
1207 2021 1238 2082 et
1260 2018 1310 2081 in-

184 2120 296 2202 polluti
330 2123 466 2204 eorporis
501 2121 669 2188 sanctitate
700 2122 834 2187 denota?
867 2122 951 2204 quid,
982 2123 1008 2186 si
1038 2122 1216 2205 eoniugium
1246 2123 1311 2186 sine

185 2241 276 2302 opere
299 2222 466 2305 ooniugali‚
490 2241 607 2306 negans
629 2241 663 2288 se
685 2225 789 2306 ipsum
812 2223 873 2288 sihi
897 2226 929 2288 et
950 2223 1066 2288 hebens
1083 2241 1116 2287 se
1139 2224 1228 2305 quasi
1249 2241 1311 2289 non

185 2325 323 2392 habens?
346 2327 431 2408 quid,
454 2326 482 2392 si
504 2328 672 2392 monaohus
695 2326 734 2392 ab
758 2325 954 2393 incunabulis
970 2326 1026 2392 deo
1041 2327 1205 2392 militans?
1227 2331 1310 2409 quid,

150 2430 212 2496 rosi
236 2430 367 2500 elerious
389 2429 470 2494 saeri
493 2428 661 2495 ministerii
682 2429 868 2494 seruitutem
890 2428 973 2495 fideli
996 2429 1150 2493 seruitute
1165 2447 1310 2494 eonsum-

185 2536 296 2600 mans?
319 2532 471 2614 numquid
494 2534 589 2599 etiam
612 2533 646 2597 hi
669 2534 813 2598 aeternae
828 2533 940 2600 salutis
955 2531 1060 2597 fruotu
1082 2532 1310 2613 periclitentur,

185 2637 213 2701 si
246 2642 301 2702 ant
334 2637 477 2703 uiuentes
510 2653 584 2719 opes
616 2635 755 2719 integras
789 2635 926 2701 habeant
954 2639 1010 2699 aut
1036 2635 1204 2701 morientes
1226 2635 1311 2701 indi·

183 2739 328 2822 gentibus
361 2757 423 2804 non
460 2738 661 2821 relinquant?
698 2759 797 2822 parua
828 2742 875 2805 est
897 2741 949 2804 ad
968 2739 1239 2822 ¹promulgandam
1273 2743 1311 2806 de
1322 2736 1363 2801 15

184 2843 398 2908 huiuscemodi
420 2846 599 2924 quaestione
621 2846 807 2910 sententiam
823 2843 1032 2925 sermonique
1046 2843 1214 2910 auotoritas
1231 2862 1310 2908 mea.

151 2946 346 3011 muideamus
380 2966 461 3030 ergo,
495 2947 570 3030 quid
604 2948 641 3013 de
672 2948 721 3013 his
755 2948 897 3013 omnibus
931 2963 1088 3012 saeuorum
1115 2947 1311 3012 uoluminum

185 3049 311 3133 linguae
344 3069 380 3121 ae
413 3053 649 3135 praeceptorum
683 3051 866 3119 caelestium
900 3069 989 3115 uooes
1021 3053 1142 3128 sonent,
1176 3051 1209 3114 et
1242 3051 1312 3115 tum
1325 3099 1343 3132 χι

184 3152 369 3240 rectissime
386 3155 555 3230 seeundum
583 3155 696 3233 ¹datam
715 3173 735 3221 a
756 3157 812 3220 deo
835 3171 981 3220 normam
1006 3153 1164 3236 opinionis
1186 3156 1310 3231 nostrae

184 3255 326 3340 regulam
349 3255 529 3340 dirigemus.
566 3258 762 3342 aoprimum
784 3259 934 3340 nonest,
964 3254 1310 3339 quodroonfugiendum

177 3357 244 3445 sibi
265 3377 347 3429 nune
370 3358 535 3441 quisquam
554 3362 645 3442 putet
665 3360 704 3426 ad
720 3369 863 3435 ueterum
879 3361 1088 3444 exemplorum
1105 3377 1172 3433 esse
1185 3358 1309 3437 solacia,

140 3485 176 3529 ,so
184 3466 220 3527 ut
243 3461 326 3547 dieat
352 3462 472 3546 aliquos
500 3462 631 3528 fortasse
661 3466 786 3542 sanetos
813 3466 869 3535 aut
882 3464 1016 3545 ›iulege
1031 3464 1092 3529 >ant
1114 3462 1186 3529 ante
1208 3461 1311 3544 legem

185 3563 301 3630 diuites
334 3565 441 3632 fuisse.
479 3565 559 3630 abiit
593 3567 705 3650 quippe
738 3567 818 3632 illud
841 3570 973 3651 tempus,
1004 3568 1129 3630 mutata
1150 3564 1231 3629 ratio
1254 3567 1310 3629 est.

287 3769 392 3823 7Psa1.
412 3770 471 3836 138,
490 3771 523 3824 17

235 3939 251 3992 6
274 3941 436 4010 mereantur]
461 3940 606 3995 imitantur
628 3940 671 3996 ed.
689 3931 830 3996 Bohrsim
925 3940 970 3996 ²18
993 3940 1117 3995 forsitam
1137 3935 1167 3995 ‘B
1197 3941 1310 3996 forsitan

184 4041 219 4082 ea
245 4024 342 4085 fomiti
360 4042 437 4083 sorr.
460 4030 534 4080 Μ
560 4027 588 4081 Α
667 4052 670 4059 ·
695 4027 729 4082 23
742 4043 841 4096 „parua
867 4030 933 4082 sunt
959 4028 1019 4090 (uei
1042 4042 1135 4095 parum
1150 4029 1211 4095 est)
1239 4028 1310 4090 coni.

184 4111 386 4173 heteraenus
411 4111 458 4167 nix
471 4127 522 4180 ⁴par
538 4113 697 4181 summm
713 4112 864 4169 Harfelius
909 4162 911 4166 .
957 4113 995 4168 26
1009 4112 1232 4168 tum-Helonius:
1250 4128 1311 4167 oum

183 4199 594 4259 nannetensium
676 4200 894 4257 aasentias
1295 4230 1297 4235 ⁴
