3076 4764
226 277 286 343 138
710 270 867 325 Saluiani

225 461 297 542 dit,
326 462 442 544 inquit,
472 479 589 543 super
612 479 675 526 eor
697 459 799 536 eius,
829 459 867 524 et
888 477 962 524 non
985 459 1147 540 poterat
1169 459 1350 526 dominus

222 565 331 630 ultra
353 567 511 647 portare
532 565 695 647 propter
724 562 921 627 malitiam
952 561 1174 626 studiorum
1196 567 1350 629 uestro·

222 688 303 734 rum
337 670 375 731 et
407 667 572 749 propter
605 666 940 750 abominationes,
975 684 1071 749 quas
1106 665 1278 744 fecistis,
1313 669 1350 732 et

222 771 330 836 facta
352 772 411 834 eet
435 773 541 835 terra
562 771 698 835 nestra
718 771 760 834 in
775 769 1066 835 desolationem
1088 768 1126 834 et
1148 768 1351 852 stuporem

223 879 260 940 et
282 875 319 939 in
342 874 612 939 maledictum.
643 891 699 954 per
721 873 794 938 haec
811 891 883 956 ergo
898 874 962 938 iam
978 873 1097 938 factum
1112 875 1169 946 est,
1192 873 1230 937 ut
1251 861 1350 939 maior
1371 895 1383 935 e

221 996 293 1061 pars
319 978 453 1044 Romani
482 975 566 1041 orbis
595 978 629 1040 in
659 977 883 1042 desolationem
912 979 995 1040 esset
1025 979 1058 1040 et
1079 974 1113 1039 in
1134 977 1295 1057 stuporem
1318 978 1350 1040 et

222 1079 256 1144 in
277 1081 489 1146 meledictum.

170 1204 213 1271 46
268 1199 369 1263 Vllll.
408 1185 513 1283 Atque
544 1201 667 1264 utinam
703 1204 774 1265 acta
810 1200 1027 1264 tantummodo
1060 1200 1147 1280 prius
1180 1201 1284 1262 essent
1317 1201 1350 1263 et

222 1321 314 1388 agere
337 1305 411 1370 haec
434 1305 574 1370 Romana
596 1304 750 1368 uitiositas
773 1302 939 1386 aliquando
962 1305 1116 1367 cessaret:
1145 1301 1288 1382 forsitan,
1312 1303 1349 1367 nt

222 1407 453 1491 scriptumest,
482 1408 704 1488 propitiaretur
730 1410 805 1474 deus
826 1406 962 1489 peccatis
985 1408 1108 1471 nostris.
1147 1408 1201 1472 sed
1232 1424 1383 1488 nequa-ro

222 1529 316 1592 quam
348 1512 395 1576 ita
428 1511 560 1595 agimus,
595 1515 631 1577 ut
652 1510 848 1595 propitietur.
885 1511 970 1575 mala
1003 1510 1086 1575 enim
1119 1508 1348 1574 incessabiliter

221 1611 313 1678 melis
337 1614 481 1679 addimus
497 1616 528 1680 et
548 1616 686 1697 peccatis
702 1618 830 1697 paccata
845 1615 1048 1693 cumulamus,
1072 1614 1191 1680 etcum
1214 1614 1349 1679 maxima

91 1708 97 1715 ’
169 1719 211 1784 47
221 1716 320 1779 nostri
342 1734 413 1797 pars
435 1717 499 1782 iam
522 1718 657 1800 perierit,
680 1718 713 1782 id
735 1718 858 1802 agimus
880 1721 916 1782 ut
937 1736 1100 1800 pereamus
1124 1735 1241 1783 omnes.
1267 1719 1347 1799 quis,

221 1834 305 1900 rogo,
338 1819 472 1885 interfici
505 1821 639 1885 alterum
673 1821 760 1886 iuxta
790 1841 822 1885 ee
845 1822 939 1904 uidet
969 1821 1096 1904 etipse
1125 1838 1186 1885 nou
1210 1820 1347 1884 metuit?

221 1920 290 2002 quis
321 1920 446 1987 domum
473 1922 570 1988 uicini
593 1925 641 1988 eui
668 1924 774 1989 ardere
798 1925 898 1989 cernit
921 1927 953 1988 et
974 1941 1035 1988 non
1059 1923 1179 1988 efficere
1202 1921 1382 1988 omnibusne

220 2024 322 2089 modis
344 2025 458 2090 nititur
482 2045 520 2090 ue
542 2028 608 2108 ipse
630 2027 772 2092 incendio
797 2029 1033 2092 concremetur?
1065 2046 1120 2092 nos
1143 2043 1204 2090 non
1227 2025 1347 2090 uicinos

221 2130 339 2192 nostros
369 2129 492 2193 tantum
521 2130 628 2193 ardere
656 2129 803 2208 uidimus,
831 2129 885 2194 sed
908 2129 968 2211 ipsi
991 2133 1051 2194 iam
1076 2149 1113 2194 ex
1136 2131 1270 2195 maxima
1292 2147 1347 2194 no-

220 2233 354 2296 strorum
378 2249 539 2313 corporum
561 2235 650 2316 parte
673 2235 814 2299 arsimus.
846 2234 877 2297 et
900 2233 974 2315 quid
989 2233 1056 2310 hoo,
1079 2233 1246 2316 processa,
1271 2231 1348 2297 mali

221 2335 292 2398 est?
319 2332 462 2413 arsimus,
485 2335 628 2413 arsimus,
652 2339 683 2400 et
698 2339 804 2401 tamen
819 2337 971 2412 dammas,
996 2335 1108 2420 quibus
1124 2338 1188 2401 iam
1204 2336 1347 2415 arsimus,

167 2442 282 2508 48non
309 2437 467 2501 timemus.
504 2456 578 2503 nam
607 2442 687 2521 quod
715 2456 777 2504 non
803 2439 927 2520 ubique,
951 2442 985 2502 ut
1009 2439 1080 2517 dini,
1111 2441 1248 2521 aguntur
1270 2457 1384 2521 quaero

220 2540 307 2619 prius
329 2540 398 2605 acta
420 2541 504 2616 sunt,
527 2539 671 2606 miseriae
694 2544 742 2606 est
765 2540 949 2607 beneficium
967 2558 1028 2605 non
1044 2540 1237 2624 discipliuae.
1260 2541 1346 2606 deni·

220 2659 279 2723 qne
308 2641 399 2706 facile
426 2642 485 2707 hoc
512 2644 615 2725 probo.
655 2644 696 2708 da
724 2646 807 2709 euim
836 2644 947 2727 prioris
976 2644 1127 2726 temporis
1155 2644 1284 2723 statum,
1316 2650 1348 2709 et

220 2742 331 2807 statim
363 2744 479 2826 ubique
512 2748 587 2809 sunt
614 2765 692 2829 quae
725 2746 862 2812 fuerunt.
899 2748 970 2829 plns
998 2748 1093 2812 addo:
1125 2751 1279 2830 quantum
1308 2749 1348 2812 ad

219 2846 294 2910 uota
316 2846 476 2911 hominum
498 2849 644 2931 pertinet,
669 2851 727 2915 etei
750 2851 814 2914 iam
829 2866 890 2915 non
912 2849 1026 2932 ubique
1048 2852 1130 2929 sunt,
1153 2851 1270 2932 ubique
1292 2851 1347 2914 ad·

219 2947 281 3011 huc
309 2951 393 3027 snut,
422 2951 494 3032 quia
521 2952 635 3035 ubique
656 2972 693 3018 ea
714 2954 847 3037 populus
875 2954 954 3018 nolit
982 2972 1049 3018 esse
1070 2956 1242 3021 Romanus.
1276 2973 1382 3020 cumea

219 3048 365 3117 animab
396 3053 519 3119 homine
551 3055 638 3120 mala
665 3074 713 3120 res
742 3056 808 3121 sola
836 3056 1020 3122 necessitate
1048 3075 1109 3121 non
1137 3058 1250 3140 agitur,
1280 3058 1349 3140 ipsa

167 3161 209 3226 49
219 3153 319 3236 turpis
349 3156 394 3218 rei
423 3155 577 3238 cupiditas
605 3176 660 3239 pro
689 3158 810 3223 actione
841 3159 1017 3224 damnatur.
1057 3178 1130 3223 uam
1153 3159 1189 3237 si,
1214 3163 1250 3223 nt
1273 3159 1347 3241 dixi,

218 3255 305 3320 iuxta
340 3258 458 3323 domini
491 3261 590 3326 nostri
624 3261 743 3326 dictum
780 3264 844 3344 qui
881 3262 1085 3327 mulierem
1118 3262 1270 3327 uiderit
1303 3262 1348 3326 ad

321 3427 356 3481 aa
373 3428 473 3483 urach.
491 3431 516 3497 a,
534 3431 568 3484 ae

271 3597 395 3665 linquit
412 3600 548 3654 ΑΒΜ.
562 3599 588 3666 t,
607 3615 657 3654 om.
669 3605 732 3656 m.1
751 3607 779 3656 et
796 3601 824 3656 Β
841 3602 925 3656 ‘baad
935 3603 1133 3658 sciomerectc'
1150 3603 1279 3658 Halmius

218 3680 235 3732 6
262 3681 426 3736 desolatione
454 3685 481 3738 B
586 3686 619 3740 10
640 3688 832 3755 propiciaretur
854 3688 910 3742 AB
939 3689 1001 3743 item
1018 3689 1100 3754 infre
1117 3689 1278 3757 propicietur

223 3765 338 3834 lapara
361 3769 448 3822 nostri
470 3771 497 3823 B
599 3774 717 3840 perierat
739 3775 1039 3842 superescr.m.1i
1062 3777 1089 3828 A
1193 3776 1224 3829 17
1248 3791 1279 3829 ex
1296 3791 1346 3831 om.

217 3851 246 3904 Β
349 3853 381 3906 18
407 3855 482 3909 nefas
508 3857 574 3911 mali
601 3858 678 3914 netas
704 3861 746 3913 eet
772 3861 800 3913 Β
825 3860 891 3914 deoc
912 3862 1006 3915 statim
1028 3861 1143 3916 arsimus
1162 3862 1277 3916 arsimur

123 3974 127 3979 .
217 3935 252 3988 20
273 3940 392 4005 aguntur
415 3956 464 3996 orn.
488 3943 517 3996 Β
618 3945 654 3999 24
674 3945 773 4014 ubique
791 3947 868 4012 (ente
886 3948 972 4017 sunt)]
992 3947 1079 4016 obque
1096 3964 1117 4002 s.
1135 3963 1188 4004 aer.
1205 3964 1239 4002 m.
1258 3951 1279 4002 2
1295 3949 1346 4002 hoc

217 4026 244 4078 Α
349 4025 432 4082 adhoc
456 4029 512 4082 AB
540 4031 633 4098 (ercpar
659 4047 674 4084 o
700 4047 753 4087 scr.
780 4047 799 4084 n
824 4047 859 4084 m.
886 4033 1065 4102 Bracarum,
1092 4039 1125 4088 at
1150 4033 1224 4100 oid„
1250 4039 1276 4100 o)

217 4109 251 4164 25
273 4112 356 4166 uallet
378 4114 406 4166 B
509 4115 547 4173 27..
566 4116 606 4169 rei
628 4118 716 4185 turpis
739 4117 766 4170 B
853 4119 1174 4185 si,ut1ta'ttcrebcse'rce:
1201 4120 1272 4173 sicut
1289 4120 1346 4173 AB

218 4196 312 4264 (rell.);
338 4199 387 4254 ‘aa
405 4200 440 4268 ei,
461 4199 559 4254 sioutl’
577 4201 707 4256 Halmius
