3076 4764
226 275 291 342 232
709 272 870 327 8ι1ιιιιιιι

226 463 340 528 dialem
362 464 466 527 diuino
487 464 607 527 cunctis
630 480 758 528 munere
781 463 848 527 dari
871 463 976 527 nullus
998 463 1101 539 homo,
1124 465 1161 525 ut
1182 479 1261 538 reor,
1285 482 1354 527 am·

225 564 317 650 bigit,
347 568 401 647 qui
430 567 521 631 modo
550 566 583 631 in
614 565 792 631 hominum.
806 585 973 631 numerum
1002 565 1111 630 referri
1140 569 1254 646 potest.
1292 565 1355 630 nisi

225 669 304 734 forte
327 671 395 751 quis
417 672 525 734 tantae
548 669 590 734 sit
613 670 794 752 sapientiae,
817 673 854 733 ut
877 689 948 734 cum
972 668 1108 733 humano
1130 669 1239 751 generi
1262 688 1355 733 mun-

225 775 283 837 dns
310 772 378 854 ipse
400 774 497 836 adeo
526 774 617 837 datus
645 774 697 853 sit,
731 792 766 838 ea
788 791 866 854 quae
888 773 922 836 irr
944 773 1059 836 mundo
1082 776 1157 836 sunt
1173 779 1235 836 non
1258 774 1355 837 adeo

224 875 404 940 hominibus
427 876 500 940 data
523 877 703 941 arbitretur.
739 877 839 956 igitur
861 876 889 940 si
911 877 1016 941 omnia
1038 875 1181 940 omnibus
1197 876 1271 940 deus
1295 875 1389 941 tri-s

224 978 305 1057 buit,
328 981 447 1044 nemini
470 980 600 1044 ‹lubium
623 982 681 1062 est,
711 980 792 1061 quod
815 999 860 1057 ιι,
891 999 969 1063 quac
991 980 1042 1044 (ιιι
1065 980 1145 1043 dono
1167 980 1353 1060 accepimus,

225 1082 266 1146 ad
295 1083 346 1146 dei
379 1083 500 1146 cultum
535 1083 647 1147 referre
681 1082 827 1148 debemus
849 1084 881 1146 et
901 1085 934 1147 in
962 1085 1028 1147 eius
1058 1100 1150 1163 opere
1172 1100 1354 1146 consumere

173 1190 304 1266 25quae
338 1185 475 1249 eiusdem
506 1186 695 1266 sumpsimus
724 1186 886 1268 largitate.-
905 1186 974 1249 hoc
996 1187 1080 1249 enim
1110 1188 1169 1248 est
1187 1203 1355 1266 agnoscere

175 1332 188 1339 ·-
224 1307 338 1352 munus
366 1290 416 1353 (ιιι
438 1292 470 1352 ιι
492 1288 607 1354 diuinis
636 1289 794 1353 beneficiis
824 1290 902 1353 bene
923 1288 982 1364 uti,
1011 1290 1049 1352 ιιι
1071 1287 1154 1352 datis
1176 1287 1239 1352 suis
1263 1288 1356 1351 illum

224 1391 372 1475 honores,
403 1412 421 1456 a
444 1409 504 1474 quo
526 1393 598 1458 data
620 1392 687 1474 ipsa
717 1392 888 1473 acceperis:
925 1392 1006 1472 quod
1029 1390 1155 1472 quidem
1177 1393 1272 1455 etiam
1295 1391 1390 1454 hu·ro

224 1513 387 1559 manarum
415 1516 520 1562 rerum
550 1498 690 1578 exempla
717 1496 855 1560 edocent.
890 1496 916 1559 si
945 1495 1029 1558 enim
1058 1513 1133 1559 usus
1160 1514 1264 1559 rerum
1295 1495 1354 1558 ali·

225 1616 358 1680 quarum
382 1599 518 1681 cuipiam
541 1599 658 1663 homini
682 1599 814 1663 alterius
836 1598 971 1663 hominis
990 1598 1138 1663 beneficio
1155 1615 1193 1662 ac
1207 1597 1355 1680 largitate

224 1701 382 1766 tribuatur
405 1704 493 1784 isque
515 1703 668 1765 inmemor
691 1701 788 1779 illius,
812 1719 905 1782 aquo
922 1701 1060 1765 fructum
1080 1717 1186 1764 rerum
1208 1700 1354 1782 indeptus

224 1809 288 1881 est,
323 1810 463 1869 auertere
491 1804 531 1868 ab
562 1822 597 1868 so
628 1806 695 1885 ipso
729 1804 952 1886 proprietatem
987 1805 1155 1886 praestitae
1183 1803 1229 1867 ιιι
1260 1805 1355 1884 atque

174 1912 188 1949 ‚·
208 1908 360 1972 valienare
392 1911 530 1986 conetur,
562 1926 662 1972 nonne
692 1907 924 1990 ingratissimus
954 1909 1094 1971 omnium
1123 1912 1215 1988 atque
1243 1906 1391 1970 infide-rs

223 2010 366 2075 lissimus
397 2010 564 2088 iudicetur,
600 2013 652 2092 qui
686 2011 802 2076 oblitus
836 2011 956 2075 scilicet
988 2011 1123 2075 hominis
1156 2009 1286 2075 benefici
1318 2026 1355 2074 ac

181 2131 182 2134 ’
222 2113 437 2180 liberalissimi
470 2114 602 2196 spoliare
636 2114 728 2178 illum
761 2115 829 2179 iure
858 2114 989 2179 dominii
1010 2114 1060 2177 sui
1082 2112 1171 2190 uelit,
1205 2113 1356 2193 quicum

171 2221 215 2287 26
223 2217 326 2300 ipsum
347 2235 423 2281 usus
444 2217 639 2299 possessione
661 2217 837 2282 uitauerit?
859 2228 892 2281 et
913 2235 969 2282 nos
991 2217 1098 2298 itaque
1114 2235 1206 2281 usum
1229 2219 1356 2279 tantum

224 2338 333 2384 sarum
354 2339 459 2385 rerum
482 2320 674 2401 accepimus,
703 2338 779 2401 quas
804 2320 963 2394 teramum
998 2317 1205 2383 commodatis
1228 2318 1314 2383 enim
1337 2335 1356 2382 a

223 2423 280 2488 deo
310 2423 517 2488 facultatibus
547 2423 668 2487 utimur
691 2425 722 2486 et
745 2423 834 2503 quasi
863 2421 996 2503 precarii
1023 2439 1212 2504 possessores
1234 2437 1391 2485 sumusro

223 2526 356 2609 denique
379 2528 573 2610 egredientes
593 2545 609 2590 ι
624 2527 741 2591 mundo
759 2527 829 2604 isto,
853 2525 987 2590 uelimus
1004 2526 1150 2602 nolimus,
1174 2523 1227 2588 hic
1243 2526 1355 2588 cuncta

223 2630 441 2713 relinquimus.
480 2650 534 2695 cur
566 2648 638 2713 ergo
668 2648 740 2694 oum
768 2645 959 2710 possessores
987 2627 1212 2693 usufructuarii
1243 2628 1354 2703 simus,

223 2737 305 2815 quod
334 2733 498 2799 nobiscum
526 2733 647 2797 auferre
677 2751 739 2796 non
765 2749 929 2812 possumus
959 2735 1102 2796 auertere
1123 2749 1142 2794 a
1164 2731 1355 2811 proprietate

223 2837 341 2902 domini
363 2840 458 2918 atque
480 2837 616 2902 alienare
639 2837 855 2919 temptamus?
884 2853 939 2899 cur
960 2853 1022 2899 non
1044 2832 1207 2898 bonafide
1231 2832 1314 2896 datis
1337 2850 1355 2895 a

224 2940 279 3004 deo
302 2941 432 3004 resculis
460 2939 602 3005 utimur?
633 2939 793 3004 tenuimus
816 2938 917 3019 quoad
939 2937 1046 3015 licuit,
1069 2936 1228 3001 tenuimus
1252 2935 1355 3017 quoad
1365 2960 1391 2999 ss

171 3044 368 3124 supermissa
391 3041 445 3106 ille
467 3043 521 3124 qui
544 3043 712 3124 praestitit.
744 3040 819 3124 quid
833 3040 950 3105 rectius
965 3041 1041 3122 quid
1064 3039 1235 3116 honestius,
1259 3056 1355 3120 quam

224 3149 260 3209 ut
282 3146 336 3210 ubi
358 3165 408 3210 res
432 3146 471 3210 ab
501 3164 536 3210 eo
566 3145 708 3223 discedit,
744 3146 797 3227 qui
826 3163 919 3208 usum
948 3144 1071 3225 habuit,
1105 3145 1285 3208 reuertatur
1315 3140 1356 3206 ad

223 3267 296 3314 eum
324 3249 490 3332 possessio,
528 3250 580 3331 qui
610 3250 761 3314 utendam
789 3249 966 3314 concessit?
999 3247 1131 3328 denique
1152 3249 1248 3311 etiam
1270 3248 1355 3327 ipsae

222 3353 280 3418 hoc
302 3352 351 3417 dei
373 3370 465 3419 uoces
482 3371 538 3435 per
555 3353 678 3436 linguas
701 3352 880 3418 litterarum
902 3369 1061 3418 sacrarum
1083 3351 1194 3415 iubent
1217 3350 1356 3415 licentes

272 3611 290 3664 3
316 3610 473 3679 ‘sapientiae
499 3609 604 3663 ironice
632 3608 736 3662 ἀιιιιιιιι
763 3622 818 3661 esse
844 3592 903 3660 iani
923 3607 1055 3660 Pithoeus
1081 3604 1196 3659 monuit’
1223 3603 1357 3657 Halmius

223 3697 406 3765 (insipientiae
427 3701 575 3764 praecep
594 3696 679 3749 attona
701 3694 795 3748 Paris.
814 3696 892 3759 2173)
998 3691 1015 3745 6
1039 3690 1108 3744 (lona
1127 3695 1136 3754 (
1156 3690 1186 3755 “)
1210 3687 1355 3755 accipimus

222 3781 250 3834 B
353 3782 370 3835 8
392 3783 463 3834 enim
487 3784 529 3834 est
552 3781 608 3834 AB
637 3782 678 3833 est
699 3779 769 3832 enim
792 3779 923 3832 Halmius
946 3777 1149 3830 etiamsolum
1166 3775 1198 3828 ιι
1215 3779 1356 3842 apparatu

222 3867 316 3921 critico
408 3868 424 3920 9
444 3866 578 3920 beneficiis
596 3881 630 3920 ec
648 3865 770 3919 beneficis
788 3879 857 3919 corr.
876 3865 943 3918 cc2
960 3865 988 3916 A
1079 3863 1115 3916 20
1131 3876 1258 3930 praecaru
1274 3861 1316 3913 ιιι.
1335 3878 1354 3913 u

223 3968 256 4006 ec
266 3957 345 4020 poree
357 3967 424 4008 cros.
444 3954 471 4005 A
560 3953 593 4006 21
612 3952 779 4006 hiscscuncta
795 3952 823 4003 A
849 3949 912 4003 hino
929 3952 1026 4004 cuncta
1043 3947 1091 4003 aad
1104 3953 1205 4017 punct.
1222 3963 1241 3999 n
1258 3947 1286 4000 B

222 4037 257 4090 22
271 4043 335 4104 post
353 4053 512 4106 possessores
530 4054 551 4092 s.
562 4038 580 4092 l.
592 4055 625 4093 m.
640 4041 660 4092 2
687 4039 796 4091 tantum
807 4035 871 4092 odei.
884 4037 911 4089 A
924 4036 1009 4104 (quod
1021 4037 1124 4104 recepit
1136 4034 1286 4096 Betucius)

223 4122 420 4189 usufructuari,
438 4125 497 4191 (sic)
516 4139 538 4178 s.
555 4124 565 4176 i
583 4139 667 4178 ecco
693 4125 722 4177 A
823 4122 858 4177 25
881 4121 990 4177 resculis
1009 4121 1120 4189 priores
1139 4125 1235 4188 punct.
1259 4120 1286 4173 B

223 4209 257 4264 28
275 4207 404 4262 utendam
422 4225 484 4264 cum
497 4225 528 4278 p,
546 4214 578 4262 ut
596 4208 664 4276 aad„
682 4209 826 4264 Halmius:
854 4207 953 4262 utenda
971 4208 1025 4262 AB
