3076 4764
222 284 287 352 262
711 280 867 335 Saluiani

223 468 442 552 demptionem,
474 470 589 533 demus·
604 468 709 533 saltim
733 468 772 532 ad
794 467 957 532 emendam
978 465 1216 551 beatitudinem,
1241 467 1269 534 si
1291 487 1351 533 uon

223 572 331 637 damus
355 592 393 636 uc
416 573 610 654 damnemur,
634 573 743 637 demus
767 569 873 635 saltim
896 570 931 633 ut
954 588 1161 647 muneremur,
1192 571 1267 653 quia
1290 574 1350 637 eti-

222 676 300 742 arnsi
323 676 491 758 praeterita
513 675 597 739 mala
619 691 681 736 non
704 673 768 737 siut
790 691 868 755 quae
890 676 1033 754 oporteat
1048 675 1169 738 sanctos
1185 675 1351 755 redimere,

222 780 296 844 sunt
329 779 435 844 tamen
468 776 618 860 perennia
648 777 737 853 bona,
772 793 851 858 quac
877 793 991 858 magno
1014 776 1149 841 debeant
1172 795 1350 860 conparare,

195 926 198 937 ·
222 882 346 947 etiamsi
369 899 468 963 poena
492 899 552 945 nou
575 880 617 944 sit
639 897 718 961 quae
740 879 897 962 timeatur,
923 879 1096 943 esttamen
1120 898 1251 962 regnum
1268 879 1351 962 quod
1375 901 1391 943 s

223 983 390 1061 ambiatur,
413 1003 448 1049 ac
463 1004 517 1066 per
532 986 599 1062 hoo,
624 983 825 1047 etiamsinon
840 981 955 1046 habeut
971 983 1071 1047 sancti
1087 1001 1165 1065 quae
1182 984 1350 1062 redimant,

222 1087 340 1152 habent
376 1087 482 1151 tamen
515 1104 592 1169 quae
625 1086 741 1151 emant.
779 1085 841 1150 uisi
875 1085 954 1149 torte
987 1085 1100 1167 abquis
1134 1087 1283 1151 damnum
1319 1088 1352 1151 iu

223 1192 379 1273 emptione
401 1192 554 1272 uereatur,
577 1188 726 1254 uidelicet
748 1207 785 1254 ne
808 1189 878 1270 plus
903 1190 1077 1254 commodet
1096 1206 1191 1271 quam
1206 1189 1352 1270 recipiat,

222 1312 261 1358 ne
283 1292 413 1377 grandia
435 1291 607 1357 faeneranti
629 1310 726 1374 parua
747 1290 928 1369 reddantur,
960 1309 999 1354 ne
1022 1292 1222 1376 largitionem
1245 1292 1350 1358 redhi-

222 1396 299 1468 bitio
323 1414 383 1461 non
405 1397 556 1477 repenset,
586 1395 618 1459 et
640 1395 713 1460 date
735 1394 831 1460 semel
859 1395 953 1476 pretii
974 1395 1194 1478 magnitudine
1218 1397 1391 1478 pecunias·

222 1500 416 1584 periclitetur
437 1501 594 1580 emptoris,
618 1517 654 1563 ac
676 1500 703 1563 si
726 1516 877 1582 magnum
894 1499 968 1582 quid
984 1500 1107 1565 domino
1125 1500 1353 1565 commendarit

223 1607 256 1670 in
278 1609 370 1684 terra,
394 1621 455 1667 uon
480 1603 591 1667 babeat
613 1601 755 1666 Christus
780 1601 912 1665 forsitan
934 1603 1017 1666 unde
1033 1601 1060 1666 ci
1077 1602 1181 1667 soluat
1204 1602 1353 1666 incaelo.

170 1699 324 1789 aplane,
354 1706 382 1770 si
404 1708 465 1770 ista
493 1705 646 1770 dubitatio
670 1707 725 1785 est,
754 1703 821 1769 fieri
850 1703 930 1769 nihil
951 1709 1075 1786 suadeo,
1104 1707 1177 1788 quia
1199 1723 1256 1770 uec
1279 1723 1353 1787 pro·

224 1811 296 1879 suut
318 1809 442 1874 omnino
465 1809 531 1874 ulla
552 1808 721 1873 dubitanti.
752 1824 839 1872 cassa
862 1809 975 1890 quippe
991 1812 1039 1873 est
1054 1808 1201 1891 operatio,
1226 1808 1252 1872 si
1275 1807 1353 1871 fides

224 1914 309 1977 certa
330 1930 390 1977 non
413 1912 514 1988 fuerit,
548 1911 665 1975 trustra
687 1909 826 1976 faenerat
853 1910 907 1992 qui
934 1912 971 1976 de
1000 1913 1173 1994 receptione
1200 1912 1389 1992 desperato

224 2013 365 2081 Christus
388 2012 481 2092 enim,
503 2014 540 2077 ut
562 2012 727 2097 credimus,
758 2011 912 2079 factorum
935 2015 1076 2079 omnium
1098 2013 1269 2081 retributor
1294 2016 1353 2078 est.

224 2121 251 2183 si
273 2137 346 2202 crgo
368 2119 424 2183 aut
452 2117 576 2198 inopem
599 2129 679 2198 eum,
709 2116 763 2199 qui
785 2116 956 2182 retribuere
986 2137 1048 2184 uon
1078 2118 1186 2201 possit,
1218 2121 1273 2183 aut
1303 2117 1353 2181 in-

180 2269 203 2285 .,
224 2221 349 2289 fidelem
379 2222 472 2303 putas
502 2239 581 2303 csso,
612 2221 671 2302 qui>
695 2220 783 2295 nolit,
814 2224 966 2301 quomodo
994 2224 1090 2287 abeo
1114 2221 1355 2287 retributionem

225 2344 347 2408 sperare
377 2325 506 2409 poteris,
536 2342 628 2407 quem
657 2324 693 2414 et
717 2323 970 2405 inpossibilitatis
1002 2327 1033 2389 et
1059 2324 1256 2390 infidelitatis
1286 2323 1353 2405 ipsc

172 2422 215 2488 56
226 2428 446 2495 damnauerit?
480 2428 562 2511 quod
590 2428 618 2492 si
646 2447 709 2492 non
732 2429 777 2492 ita
800 2429 848 2492 est
870 2445 928 2492 uec
950 2428 1084 2512 ambigis
1108 2428 1264 2494 facturum
1289 2444 1393 2491 esseae

225 2552 304 2616 quae
326 2533 413 2609 dixit,
444 2550 521 2614 quae
544 2531 722 2613 insipientia
744 2532 799 2597 aut
821 2530 875 2614 qui
898 2551 981 2597 error
1004 2533 1061 2610 est,
1088 2535 1124 2596 ut
1147 2550 1208 2597 non
1230 2531 1267 2596 ei¹
1283 2530 1356 2595 tan·

225 2636 294 2700 tum
324 2635 376 2700 des
406 2637 557 2718 quantum
586 2635 689 2718 potes,
721 2652 791 2700 cum
821 2636 930 2717 utique
961 2652 1023 2700 non
1052 2634 1176 2699 dubites
1195 2633 1300 2698 multo
1323 2635 1355 2698 te

225 2738 296 2821 plus
317 2739 517 2820 recepturum
541 2757 607 2803 esse
630 2757 723 2820 quam
747 2737 889 2804 dederis?
912 2757 990 2821 quae
1005 2740 1134 2821 denique
1157 2738 1305 2816 miseria,
1318 2741 1356 2801 ut

226 2839 320 2904 malis
344 2841 425 2904 nihil
445 2859 482 2905 ax
504 2841 552 2905 bis
576 2841 711 2922 recipere
735 2859 813 2922 quae
835 2840 997 2923 relinquis,
1029 2859 1101 2906 cum
1130 2842 1232 2907 totum
1255 2839 1356 2922 possis

226 2943 351 3025 penitus
380 2943 538 3024 possidere
569 2944 650 3025 quod
681 2944 803 3008 credis?
824 2944 899 3021 scd,
926 2944 1075 3010 miserum
1097 2948 1163 3009 me!
1197 2946 1271 3026 puto
1294 2961 1395 3010 nonae

228 3046 366 3110 ereditur
397 3047 463 3112 deo.
502 3049 532 3111 et
561 3048 642 3129 quod
674 3045 740 3111 dico
770 3047 855 3128 puto,
887 3048 1012 3113 utinam
1041 3048 1185 3130 ambigue
1210 3047 1356 3129 putarem

187 3151 261 3238 „et
290 3168 350 3215 uon
382 3148 544 3215 euidenter
574 3167 790 3235 agnoscerem.
823 3149 999 3233 laborarem
1029 3150 1162 3216 fortasse
1192 3149 1276 3230 intra
1305 3167 1356 3212 me

153 3251 156 3258 '
183 3245 191 3253 ”
205 3234 351 3318 “uincere
374 3253 530 3336 opiniones
551 3271 637 3318 meas
660 3255 691 3319 et
713 3271 854 3339 cogerem
876 3272 1004 3323 sensum
1027 3227 1128 3322 dubia
1137 3272 1207 3323 uon
1222 3240 1358 3332 credere,

175 3352 380 3421 ulutatum
381 3375 430 3422 em
464 3349 646 3422 melioribus
679 3354 878 3439 applicarem
917 3359 971 3425 sed
1002 3359 1076 3443 quid
1109 3357 1262 3455 agimus?
1294 3373 1358 3421 non

228 3443 331 3526 dubiis
362 3461 452 3525 rebus
483 3459 638 3524 uincimur
661 3451 691 3523 et
720 3440 919 3525 euidentibus
950 3451 1136 3525 coartamur.
1174 3460 1242 3541 quis
1272 3458 1398 3524 enimco

227 3561 352 3648 domino
374 3565 479 3659 mente
502 3563 599 3627 eredit
620 3564 652 3626 et
674 3562 773 3633 facult
775 3563 825 3647 ate
840 3581 901 3647 uon
918 3563 1039 3627 credit?
1062 3562 1131 3644 quis
1148 3563 1208 3648 deo
1219 3561 1359 3625 animam

282 3784 344 3836 let
361 3782 378 3834 2
396 3783 493 3836 saltem
511 3799 546 3836 ecc
563 3783 655 3837 saltim
673 3798 745 3840 corr.
764 3799 798 3839 m.
817 3786 837 3838 2
854 3784 882 3837 A
985 3783 1173 3838 9faencranti
1191 3781 1247 3836 AB
1267 3786 1303 3847 (et
1321 3782 1361 3835 etc

227 3868 288 3936 fere
305 3868 405 3937 abque
420 3870 453 3924 io
470 3871 619 3928 hecberto
638 3875 664 3924 et
680 3869 829 3939 ancara>
937 3869 1139 3926 redibicroau
1183 3893 1185 3896 ·
1243 3883 1359 3922 commo-

227 3952 345 4021 daritp·
373 3955 578 4023 ef·1r269,21
682 3955 715 4010 14
732 3955 797 4008 fldcs
813 3971 851 4015 acc
868 3954 931 4017 fidis
949 3971 1019 4013 corr.
1034 3965 1071 4009 m.
1084 3958 1104 4010 2
1122 3955 1177 4010 AB
1282 3953 1364 4006 lbet

228 4038 330 4100 frustm
346 4039 374 4093 B
393 4044 429 4106 (et
442 4056 492 4095 om.
505 4042 551 4104 A,
559 4041 632 4110 quod
644 4041 790 4099 Halmium
800 4041 905 4110 degit)
972 4041 1089 4109 disparat
1101 4041 1155 4097 AB
1232 4038 1283 4093 20
1298 4053 1363 4093 eum

228 4124 363 4179 facturum
381 4125 423 4180 cd
441 4124 577 4181 Betucius
666 4125 714 4180 24
736 4125 789 4194 his]
814 4126 860 4180 cia
876 4125 929 4180 ed..
933 4126 1130 4183 Beterrae
1174 4125 1208 4179 31
1232 4124 1323 4240 dnos
1333 4123 1364 4180 l.

228 4227 262 4268 m.
281 4210 380 4268 Iadd.
397 4211 425 4268 A
787 4249 789 4254 -
829 4246 831 4251 >
