3076 4764
477 274 514 329 de
532 273 665 343 gubern.
684 275 737 328 dei
754 273 793 328 VI
814 277 829 339 ς
846 273 922 328 3-8.
1201 275 1264 342 125

136 465 232 543 eraut,
263 482 333 531 eeoe
355 464 389 530 in
417 463 492 546 qnid
519 465 638 532 redaeti
661 482 776 542 sumus,
806 464 843 530 ut
864 463 988 530 beatam
1011 463 1076 529 iore
1099 462 1261 530 ecelesiam

135 565 318 647 iudicemus,
352 568 379 633 si
407 568 459 633 nel
486 567 611 632 tantum
638 566 671 632 in
701 584 735 632 se
755 567 827 633 boni
849 565 963 632 habeat
998 568 1148 648 quantum
1175 565 1259 631 mali.

136 689 207 736 nem
241 671 393 755 quomodo
428 688 489 736 non
521 670 647 736 beatam
681 670 910 747 arbitraremur,
945 669 973 733 si
1002 668 1137 735 mediam
1159 671 1261 752 plebia

136 774 256 857 partem
277 772 407 840 haberet
428 774 596 850 innoxiam,
623 791 716 857 quam
739 791 834 855 paene
857 775 957 838 totam
979 791 1060 839 nuno
1084 791 1149 839 esse
1170 773 1261 854 plan·

118 875 239 960 agimus
262 875 484 943 oriminosam?
515 876 598 940 unde
620 874 783 956 superflue,
808 892 880 941 oum
901 874 960 940 boe
974 875 1022 941 ita
1037 875 1088 956 sit,
1110 872 1296 957 superfluat

137 979 255 1045 dudum
277 979 316 1045 de
345 998 406 1044 uno
435 979 519 1045 malo
552 977 649 1043 locuti
682 996 800 1062 sumus,
834 977 987 1060 superflue
1021 978 1112 1042 nnius
1146 978 1262 1043 seelera

137 1080 334 1164 defleuimus3
369 1082 423 1147 aut
450 1098 557 1145 omnes
587 1079 673 1144 enim
702 1082 758 1145 ant
785 1097 882 1162 paene
910 1098 1015 1147 omnes
1045 1080 1139 1145 flendi
1167 1083 1263 1164 atque

136 1182 265 1266 lugendi
298 1185 381 1249 runt.
419 1201 492 1248 nam
520 1182 574 1248 ant
606 1180 735 1265 plurimi
768 1181 848 1248 tales
875 1183 949 1247 sunt
976 1186 1032 1250 aut
1056 1184 1147 1268 certe,
1181 1181 1262 1266 quod

137 1304 197 1352 non
219 1286 324 1352 minus
347 1285 548 1352 criminosum
564 1287 621 1362 est,
645 1286 777 1368 eupiunt
798 1287 877 1351 tales
894 1304 961 1351 esse
977 1287 1009 1351 et
1029 1287 1173 1353 laborant
1188 1288 1262 1351 aotu

109 1391 290 1456 amalorum
324 1406 451 1471 operum
485 1406 547 1454 non
579 1389 712 1470 impares
747 1388 863 1469 uideri;
899 1405 935 1454 ao
955 1406 1012 1471 per
1034 1389 1100 1471 boo,
1121 1388 1261 1455 ,etiamsi

138 1491 258 1559 minora
280 1493 365 1558 mala
387 1491 522 1569 faciunt,
545 1490 619 1574 qnia
641 1491 745 1555 minus
767 1494 914 1571 possunt,
944 1509 1005 1556 non
1028 1492 1132 1557 minus
1155 1492 1262 1558 tamen

139 1595 213 1661 meli
233 1598 318 1672 sunt,
346 1595 419 1678 quia
443 1593 545 1661 nolint
572 1593 676 1658 minus
700 1611 777 1669 esse,
800 1594 828 1659 si
850 1593 978 1676 possint.
1017 1596 1157 1677 denique,
1181 1590 1295 1678 quod't

139 1715 234 1763 unum
256 1698 404 1780 possunt,
434 1699 486 1763 uel
513 1698 586 1762 uoto
610 1696 691 1762 tales
714 1695 790 1761 sunt
811 1713 847 1761 ao
870 1697 1031 1762 uoluntate
1053 1715 1114 1762 non
1137 1697 1260 1777 aedunt,

139 1803 169 1865 et
188 1799 223 1864 in
250 1805 402 1883 quantum
437 1800 571 1866 facultas
605 1801 760 1883 suppetit,
794 1817 940 1882 superare
974 1801 1175 1867 contendunt.
1247 1800 1262 1866 t

110 1902 220 1967 nanim
242 1904 317 1968 lieet
338 1904 371 1968 in
394 1902 615 1969 dissimillimis
638 1902 729 1967 rebus
750 1902 826 1967 haee
840 1901 967 1967 illorum
991 1904 1159 1970 aemulatio
1181 1921 1260 1986 quae

138 2003 299 2085 bonorum,
334 2008 369 2070 nt
398 2007 479 2072 siout
507 2005 580 2071 boni
614 2006 723 2086 optant
757 2007 880 2070 eunetos
914 2005 1077 2071 honestato
1110 2004 1264 2071 mentium

139 2106 270 2188 mucore,
294 2107 340 2173 sio
362 2107 441 2174 mali
465 2107 594 2189 cupiant
617 2108 774 2188 prauitate
796 2126 952 2190 superare.
986 2127 1059 2173 nam
1082 2109 1164 2174 siout
1187 2108 1265 2173 haee

139 2209 287 2277 bonorum
310 2211 412 2294 gloria
435 2213 481 2276 ost
504 2215 539 2276 ut
563 2209 677 2276 cotidie
699 2209 843 2275 meliores
865 2209 939 2286 sint,
962 2209 1008 2274 sio
1025 2212 1180 2276 malorum
1196 2227 1262 2274 om-

139 2312 226 2379 nium
249 2317 286 2379 ut
313 2313 490 2394 deteriores,
526 2317 558 2378 et
587 2312 669 2378 sieut
703 2312 814 2394 optimi
847 2312 978 2394 eupiunt
1011 2313 1166 2381 uirtutum
1188 2310 1261 2376 uni·

110 2432 299 2483 anemurum
332 2417 456 2483 eulmen
485 2419 657 2498 estendere,
691 2415 738 2480 eie
764 2414 891 2496 pessimi
920 2416 1029 2496 optent
1058 2416 1177 2496 palmas
1201 2414 1263 2479 sibi

140 2521 355 2587 uniuersorum
389 2521 542 2587 scelerum
575 2519 744 2585 uindicare.
783 2522 814 2582 et
847 2519 905 2584 hoe
940 2519 1048 2602 utique
1081 2520 1112 2584 in
1142 2511 1301 2583 malum8-

138 2624 280 2689 nostrum
301 2624 436 2690 maxime
458 2622 568 2701 nostri,
591 2622 648 2688 boe
671 2626 728 2698 est,
758 2620 892 2687 maxime
915 2619 1094 2700 Christiani,
1124 2621 1178 2705 qui
1194 2620 1262 2686 soi-

139 2725 222 2805 lieet,
256 2727 293 2791 ut
321 2726 382 2793 iam
418 2725 561 2809 diximus,
597 2724 754 2791 malitiam
788 2723 975 2807 sapientiam
1008 2727 1130 2806 putant,
1166 2727 1198 2789 et
1226 2726 1263 2790 de

140 2828 250 2910 quibus
280 2829 458 2910 spetialiter
487 2829 561 2895 deus
590 2828 683 2894 dioitr
717 2829 874 2910 perdam
897 2827 1133 2910 sapientiam
1156 2827 1261 2908 sapi·

109 2930 289 2996 nentium
312 2932 350 2996 et
372 2931 629 2997 intellectum
652 2931 905 3013 prudentium
924 2929 1152 3014 reprobabo.
1176 2947 1263 2995 oum·

140 3052 198 3116 que
221 3035 378 3117 apostolus
401 3036 529 3120 elamet,
553 3033 585 3098 si
609 3033 697 3117 quis
720 3034 884 3098 uidetur
906 3033 1080 3118 sapiens,
1109 3033 1264 3098 stultus

140 3133 214 3201 fiat
246 3137 288 3201 ut
320 3138 373 3202 sit
406 3138 582 3220 sapiens,
616 3137 674 3200 hoe
707 3138 755 3202 est
787 3137 899 3216 dicere,
934 3137 961 3200 si
992 3137 1061 3221 quis
1094 3137 1163 3201 uult
1200 3155 1264 3200 esse

140 3237 278 3320 rapiens,
310 3241 353 3305 sit
375 3239 488 3323 bonus,
518 3239 591 3323 qnia
612 3258 702 3305 nemo
726 3258 810 3305 uere·
823 3240 947 3322 sapiens
971 3240 1032 3305 nisi
1054 3257 1126 3305 uere
1149 3239 1263 3306 bonus:

141 3358 194 3405 nos
217 3359 233 3405 e
256 3341 379 3407 diuerso
409 3343 563 3408 malarum
595 3342 750 3408 mentium
779 3341 868 3422 uitio,
903 3345 943 3421 et,
978 3343 1014 3407 ut
1036 3340 1183 3407 diuinitas
1207 3340 1262 3419 ait,

242 3560 277 3615 24
295 3562 309 3616 Ι
328 3563 385 3618 Cor.
406 3566 429 3631 l,
449 3564 481 3618 19
584 3565 618 3619 26
635 3565 650 3619 Ι
668 3564 727 3622 Gor.
747 3567 771 3632 3,
791 3567 824 3621 18

192 3768 313 3836 lerant]
331 3771 395 3822 sunt
413 3769 440 3822 B
534 3770 760 3823 3arbitreremus
779 3769 806 3822 B
902 3768 1034 3823 tenelere
1051 3768 1078 3821 Δ
1176 3769 1266 3823 lom·

140 3866 185 3907 nes
201 3868 269 3923 pene
286 3855 335 3907 ant
353 3870 444 3908 omnes
463 3855 532 3909 enim
555 3855 636 3910 flendi
660 3855 687 3908 B
790 3854 831 3908 12>
846 3855 944 3908 nolunt
966 3855 994 3908 B
1098 3855 1131 3909 13
1153 3855 1221 3909 tales
1244 3870 1266 3909 s.

139 3950 190 3993 aar.
208 3955 243 3995 ιιι.
256 3943 307 3996 Μ
326 3941 371 4008 (=
382 3941 456 4005 sunt)
474 3941 501 3994 A
513 3941 563 4008 (sie
570 3941 658 4009 paulo
669 3945 734 4004 arata
745 3944 777 3995 8ι
800 3939 928 4010 lugendi&
942 3945 968 3994 et
985 3941 1095 4009 plurimi
1112 3941 1198 3996 taleas'

141 4022 173 4077 14
186 4030 251 4094 poet
268 4024 383 4080 leonitas
402 4040 470 4080 erae.
489 4032 507 4079 ii
524 4027 552 4080 A
647 4027 679 4080 17
692 4025 843 4093 eupiuntA
939 4025 973 4080 20
985 4026 1095 4094 pessimi
1107 4041 1141 4082 aa
1152 4027 1266 4096 pessimo

140 4110 167 4163 A
181 4126 251 4166 corr.
263 4113 331 4168 aad
428 4112 462 4165 22
479 4112 594 4167 maxime
611 4117 688 4180 (uate
707 4110 865 4179 Christiani)
884 4126 935 4166 om.
953 4111 980 4166 B
1077 4112 1112 4167 24
1130 4112 1192 4167 deus
1211 4127 1274 4180 epe·-

141 4194 242 4251 oialiter
259 4197 288 4251 B
392 4197 460 4251 dixit
478 4198 505 4254 B
607 4198 791 4253 armatorum
809 4198 837 4251 A
