<?xml version="1.0" encoding="UTF-8"?>
<!DOCTYPE html PUBLIC "-//W3C//DTD XHTML 1.0 Transitional//EN"
    "http://www.w3.org/TR/xhtml1/DTD/xhtml1-transitional.dtd">
<html xmlns="http://www.w3.org/1999/xhtml" xml:lang="en" lang="en">
 <head>
  <title>
</title>
<meta http-equiv="Content-Type" content="text/html;charset=utf-8" />
  <meta name='ocr-system' content='tesseract 3.04.00' />
  <meta name='ocr-capabilities' content='ocr_page ocr_carea ocr_par ocr_line ocrx_word'/>
</head>
<body>
  <div class='ocr_page' id='page_1' title='image "./salvianipresbyt00salvgoog_0187.png"; bbox 0 0 3076 4764; ppageno 0'>
   <div class='ocr_carea' id='block_1_1' title="bbox 229 269 871 341">
    <p class='ocr_par' dir='ltr' id='par_1_1' title="bbox 229 269 871 341">
     <span class='ocr_line' id='line_1_1' title="bbox 229 269 871 341; baseline -0.002 -17"><span class='ocrx_word' id='word_1_1' title='bbox 229 276 290 341; x_wconf 82' lang='lat'>166</span> <span class='ocrx_word' id='word_1_2' title='bbox 713 269 871 324; x_wconf 83' lang='lat' dir='ltr'>Saluiani</span> 
     </span>
    </p>
   </div>
   <div class='ocr_carea' id='block_1_2' title="bbox 225 457 1392 939">
    <p class='ocr_par' dir='ltr' id='par_1_2' title="bbox 225 457 1392 939">
     <span class='ocr_line' id='line_1_2' title="bbox 228 457 1357 539; baseline -0.001 -14"><span class='ocrx_word' id='word_1_3' title='bbox 228 459 338 526; x_wconf 85' lang='lat' dir='ltr'>rahel</span> <span class='ocrx_word' id='word_1_4' title='bbox 360 462 399 525; x_wconf 88' lang='lat' dir='ltr'>et</span> <span class='ocrx_word' id='word_1_5' title='bbox 422 459 551 524; x_wconf 83' lang='lat' dir='ltr'>dicat:</span> <span class='ocrx_word' id='word_1_6' title='bbox 571 458 671 523; x_wconf 84' lang='lat' dir='ltr'>meis</span> <span class='ocrx_word' id='word_1_7' title='bbox 693 458 851 523; x_wconf 91' lang='lat' dir='ltr'>uiribus</span> <span class='ocrx_word' id='word_1_8' title='bbox 874 457 1067 524; x_wconf 87' lang='lat' dir='ltr'>liberatus</span> <span class='ocrx_word' id='word_1_9' title='bbox 1090 477 1181 524; x_wconf 90' lang='lat' dir='ltr'>sum.</span> <span class='ocrx_word' id='word_1_10' title='bbox 1218 460 1357 539; x_wconf 83' lang='lat' dir='ltr'>audiant,</span> 
     </span>
     <span class='ocr_line' id='line_1_3' title="bbox 227 561 1357 646; baseline -0.003 -18"><span class='ocrx_word' id='word_1_11' title='bbox 227 563 372 646; x_wconf 87' lang='lat' dir='ltr'>inquam,</span> <span class='ocrx_word' id='word_1_12' title='bbox 407 561 465 626; x_wconf 90' lang='lat' dir='ltr'>hoc</span> <span class='ocrx_word' id='word_1_13' title='bbox 497 580 605 627; x_wconf 89' lang='lat' dir='ltr'>omnes</span> <span class='ocrx_word' id='word_1_14' title='bbox 639 561 774 643; x_wconf 84' lang='lat' dir='ltr'>improbi</span> <span class='ocrx_word' id='word_1_15' title='bbox 802 561 932 627; x_wconf 87' lang='lat' dir='ltr'>audiant</span> <span class='ocrx_word' id='word_1_16' title='bbox 961 581 1067 627; x_wconf 82' lang='lat' dir='ltr'>omues</span> <span class='ocrx_word' id='word_1_17' title='bbox 1096 561 1357 644; x_wconf 76' lang='lat' dir='ltr'>praesumptuosi,</span> 
     </span>
     <span class='ocr_line' id='line_1_4' title="bbox 227 663 1358 748; baseline 0 -18"><span class='ocrx_word' id='word_1_18' title='bbox 227 665 358 731; x_wconf 86' lang='lat' dir='ltr'>audiant</span> <span class='ocrx_word' id='word_1_19' title='bbox 380 667 596 748; x_wconf 75' lang='lat' dir='ltr'>praepotentes</span> <span class='ocrx_word' id='word_1_20' title='bbox 619 665 747 731; x_wconf 86' lang='lat' dir='ltr'>audiant</span> <span class='ocrx_word' id='word_1_21' title='bbox 774 663 879 730; x_wconf 90' lang='lat' dir='ltr'>cuncti</span> <span class='ocrx_word' id='word_1_22' title='bbox 901 666 974 747; x_wconf 91' lang='lat' dir='ltr'>quid</span> <span class='ocrx_word' id='word_1_23' title='bbox 990 665 1064 730; x_wconf 86' lang='lat' dir='ltr'>deus</span> <span class='ocrx_word' id='word_1_24' title='bbox 1081 665 1173 730; x_wconf 84' lang='lat' dir='ltr'>dicit:</span> <span class='ocrx_word' id='word_1_25' title='bbox 1200 665 1252 730; x_wconf 88' lang='lat' dir='ltr'>‘ue</span> <span class='ocrx_word' id='word_1_26' title='bbox 1275 665 1358 747; x_wconf 86' lang='lat' dir='ltr'>glo·</span> 
     </span>
     <span class='ocr_line' id='line_1_5' title="bbox 225 767 1356 850; baseline -0.001 -17"><span class='ocrx_word' id='word_1_27' title='bbox 225 769 359 834; x_wconf 88' lang='lat' dir='ltr'>rietur&#39;</span> <span class='ocrx_word' id='word_1_28' title='bbox 382 769 485 850; x_wconf 88' lang='lat' dir='ltr'>iuquit</span> <span class='ocrx_word' id='word_1_29' title='bbox 511 769 657 834; x_wconf 83' lang='lat' dir='ltr'>‘contra</span> <span class='ocrx_word' id='word_1_30' title='bbox 680 767 913 833; x_wconf 86' lang='lat' dir='ltr'>meIsrabcl</span> <span class='ocrx_word' id='word_1_31' title='bbox 936 770 973 832; x_wconf 87' lang='lat' dir='ltr'>et</span> <span class='ocrx_word' id='word_1_32' title='bbox 999 767 1119 834; x_wconf 84' lang='lat' dir='ltr'>dicat:</span> <span class='ocrx_word' id='word_1_33' title='bbox 1142 767 1237 832; x_wconf 91' lang='lat' dir='ltr'>meis</span> <span class='ocrx_word' id='word_1_34' title='bbox 1259 768 1356 832; x_wconf 88' lang='lat' dir='ltr'>uiri·</span> 
     </span>
     <span class='ocr_line' id='line_1_6' title="bbox 225 871 1392 939; baseline -0.004 -1"><span class='ocrx_word' id='word_1_35' title='bbox 225 873 297 938; x_wconf 89' lang='lat' dir='ltr'>bus</span> <span class='ocrx_word' id='word_1_36' title='bbox 328 874 527 939; x_wconf 84' lang='lat' dir='ltr'>liberatus</span> <span class='ocrx_word' id='word_1_37' title='bbox 557 871 661 936; x_wconf 88' lang='lat' dir='ltr'>sum&#39;.</span> <span class='ocrx_word' id='word_1_38' title='bbox 989 908 992 913; x_wconf 57' lang='lat'><em>&lt;</em></span> <span class='ocrx_word' id='word_1_39' title='bbox 1378 891 1392 933; x_wconf 83' lang='lat' dir='ltr'>e</span> 
     </span>
    </p>
   </div>
   <div class='ocr_carea' id='block_1_3' title="bbox 121 1005 1392 3256">
    <p class='ocr_par' dir='ltr' id='par_1_3' title="bbox 173 1005 1392 1710">
     <span class='ocr_line' id='line_1_7' title="bbox 173 1005 1357 1092; baseline 0 -20"><span class='ocrx_word' id='word_1_40' title='bbox 173 1005 216 1072; x_wconf 84' lang='grc'>34</span> <span class='ocrx_word' id='word_1_41' title='bbox 268 1009 373 1075; x_wconf 87' lang='lat' dir='ltr'>VIIII.</span> <span class='ocrx_word' id='word_1_42' title='bbox 405 1009 559 1092; x_wconf 83' lang='lat' dir='ltr'>Audiant,</span> <span class='ocrx_word' id='word_1_43' title='bbox 594 1008 742 1091; x_wconf 91' lang='lat' dir='ltr'>inquam,</span> <span class='ocrx_word' id='word_1_44' title='bbox 776 1025 882 1072; x_wconf 90' lang='lat' dir='ltr'>omnes</span> <span class='ocrx_word' id='word_1_45' title='bbox 916 1006 1073 1072; x_wconf 89' lang='lat' dir='ltr'>contraria</span> <span class='ocrx_word' id='word_1_46' title='bbox 1108 1011 1139 1072; x_wconf 86' lang='lat' dir='ltr'>et</span> <span class='ocrx_word' id='word_1_47' title='bbox 1172 1007 1357 1089; x_wconf 87' lang='lat' dir='ltr'>blasphema</span> 
     </span>
     <span class='ocr_line' id='line_1_8' title="bbox 224 1108 1357 1193; baseline -0.001 -17"><span class='ocrx_word' id='word_1_48' title='bbox 224 1111 388 1193; x_wconf 81' lang='lat' dir='ltr'>iactantes,</span> <span class='ocrx_word' id='word_1_49' title='bbox 413 1112 544 1176; x_wconf 90' lang='lat' dir='ltr'>audiant</span> <span class='ocrx_word' id='word_1_50' title='bbox 565 1111 642 1175; x_wconf 88' lang='lat' dir='ltr'>haec</span> <span class='ocrx_word' id='word_1_51' title='bbox 665 1129 752 1192; x_wconf 89' lang='lat' dir='ltr'>spem</span> <span class='ocrx_word' id='word_1_52' title='bbox 775 1128 864 1174; x_wconf 89' lang='lat' dir='ltr'>suam</span> <span class='ocrx_word' id='word_1_53' title='bbox 879 1111 912 1173; x_wconf 89' lang='lat' dir='ltr'>in</span> <span class='ocrx_word' id='word_1_54' title='bbox 927 1108 1052 1174; x_wconf 88' lang='lat' dir='ltr'>homine</span> <span class='ocrx_word' id='word_1_55' title='bbox 1077 1109 1235 1192; x_wconf 81' lang='lat' dir='ltr'>ponentes.</span> <span class='ocrx_word' id='word_1_56' title='bbox 1270 1109 1357 1192; x_wconf 91' lang='lat' dir='ltr'>loqui</span> 
     </span>
     <span class='ocr_line' id='line_1_9' title="bbox 224 1211 1356 1296; baseline 0 -18"><span class='ocrx_word' id='word_1_57' title='bbox 224 1213 384 1279; x_wconf 88' lang='lat' dir='ltr'>uniuersos</span> <span class='ocrx_word' id='word_1_58' title='bbox 408 1215 573 1278; x_wconf 89' lang='lat' dir='ltr'>aduersum</span> <span class='ocrx_word' id='word_1_59' title='bbox 595 1232 628 1278; x_wconf 89' lang='lat' dir='ltr'>sc</span> <span class='ocrx_word' id='word_1_60' title='bbox 651 1216 726 1278; x_wconf 90' lang='lat' dir='ltr'>deus</span> <span class='ocrx_word' id='word_1_61' title='bbox 748 1211 836 1296; x_wconf 85' lang='lat' dir='ltr'>dicit,</span> <span class='ocrx_word' id='word_1_62' title='bbox 860 1213 914 1294; x_wconf 91' lang='lat' dir='ltr'>qui</span> <span class='ocrx_word' id='word_1_63' title='bbox 936 1212 1066 1277; x_wconf 89' lang='lat' dir='ltr'>liberari</span> <span class='ocrx_word' id='word_1_64' title='bbox 1088 1233 1120 1278; x_wconf 87' lang='lat' dir='ltr'>se</span> <span class='ocrx_word' id='word_1_65' title='bbox 1143 1213 1265 1278; x_wconf 89' lang='lat' dir='ltr'>uiribus</span> <span class='ocrx_word' id='word_1_66' title='bbox 1290 1214 1356 1279; x_wconf 89' lang='lat' dir='ltr'>suis</span> 
     </span>
     <span class='ocr_line' id='line_1_10' title="bbox 224 1315 1357 1401; baseline 0 -18"><span class='ocrx_word' id='word_1_67' title='bbox 224 1337 316 1400; x_wconf 90' lang='lat' dir='ltr'>posse</span> <span class='ocrx_word' id='word_1_68' title='bbox 338 1317 553 1401; x_wconf 86' lang='lat' dir='ltr'>praesumunt.</span> <span class='ocrx_word' id='word_1_69' title='bbox 578 1317 647 1398; x_wconf 91' lang='lat' dir='ltr'>quis</span> <span class='ocrx_word' id='word_1_70' title='bbox 663 1319 770 1380; x_wconf 83' lang='lat' dir='ltr'>autem</span> <span class='ocrx_word' id='word_1_71' title='bbox 793 1317 840 1381; x_wconf 88' lang='lat' dir='ltr'>ost</span> <span class='ocrx_word' id='word_1_72' title='bbox 855 1315 1066 1381; x_wconf 87' lang='lat' dir='ltr'>Romanorum</span> <span class='ocrx_word' id='word_1_73' title='bbox 1089 1334 1150 1381; x_wconf 88' lang='lat' dir='ltr'>nou</span> <span class='ocrx_word' id='word_1_74' title='bbox 1164 1317 1211 1381; x_wconf 87' lang='lat' dir='ltr'>ita</span> <span class='ocrx_word' id='word_1_75' title='bbox 1226 1317 1357 1383; x_wconf 76' lang='lat' dir='ltr'>dicens?</span> 
     </span>
     <span class='ocr_line' id='line_1_11' title="bbox 224 1418 1392 1503; baseline -0.003 -17"><span class='ocrx_word' id='word_1_76' title='bbox 224 1420 293 1503; x_wconf 89' lang='lat' dir='ltr'>quis</span> <span class='ocrx_word' id='word_1_77' title='bbox 322 1422 369 1487; x_wconf 84' lang='lat' dir='ltr'>est</span> <span class='ocrx_word' id='word_1_78' title='bbox 398 1437 459 1486; x_wconf 90' lang='lat' dir='ltr'>uon</span> <span class='ocrx_word' id='word_1_79' title='bbox 483 1419 537 1485; x_wconf 54' lang='lat' dir='ltr'>¹ita</span> <span class='ocrx_word' id='word_1_80' title='bbox 570 1420 732 1483; x_wconf 82' lang='lat' dir='ltr'>sentiens?</span> <span class='ocrx_word' id='word_1_81' title='bbox 777 1418 846 1501; x_wconf 88' lang='lat' dir='ltr'>quis</span> <span class='ocrx_word' id='word_1_82' title='bbox 879 1421 1003 1484; x_wconf 88' lang='lat' dir='ltr'>nestrae</span> <span class='ocrx_word' id='word_1_83' title='bbox 1036 1420 1135 1502; x_wconf 83' lang='lat' dir='ltr'>partis</span> <span class='ocrx_word' id='word_1_84' title='bbox 1164 1438 1225 1485; x_wconf 90' lang='lat' dir='ltr'>non</span> <span class='ocrx_word' id='word_1_85' title='bbox 1259 1426 1392 1503; x_wconf 84' lang='lat' dir='ltr'>propero</span> 
     </span>
     <span class='ocr_line' id='line_1_12' title="bbox 223 1520 1356 1608; baseline -0.002 -19"><span class='ocrx_word' id='word_1_86' title='bbox 223 1523 340 1608; x_wconf 85' lang='lat' dir='ltr'>iugiter</span> <span class='ocrx_word' id='word_1_87' title='bbox 361 1525 394 1588; x_wconf 88' lang='lat' dir='ltr'>iu</span> <span class='ocrx_word' id='word_1_88' title='bbox 416 1523 475 1589; x_wconf 87' lang='lat' dir='ltr'>hac</span> <span class='ocrx_word' id='word_1_89' title='bbox 498 1521 587 1604; x_wconf 87' lang='lat' dir='ltr'>parte</span> <span class='ocrx_word' id='word_1_90' title='bbox 609 1520 832 1605; x_wconf 71' lang='lat' dir='ltr'>blasphemati</span> <span class='ocrx_word' id='word_1_91' title='bbox 851 1523 952 1588; x_wconf 86' lang='lat' dir='ltr'>nullas</span> <span class='ocrx_word' id='word_1_92' title='bbox 976 1540 1043 1586; x_wconf 89' lang='lat' dir='ltr'>esse</span> <span class='ocrx_word' id='word_1_93' title='bbox 1065 1523 1129 1588; x_wconf 90' lang='lat' dir='ltr'>iam</span> <span class='ocrx_word' id='word_1_94' title='bbox 1151 1523 1356 1604; x_wconf 83' lang='lat' dir='ltr'>reipublicae</span> 
     </span>
     <span class='ocr_line' id='line_1_13' title="bbox 223 1616 1355 1710; baseline -0.003 -17"><span class='ocrx_word' id='word_1_95' title='bbox 223 1627 307 1694; x_wconf 88' lang='lat' dir='ltr'>uires</span> <span class='ocrx_word' id='word_1_96' title='bbox 330 1628 470 1692; x_wconf 88' lang='lat' dir='ltr'>omnium</span> <span class='ocrx_word' id='word_1_97' title='bbox 493 1627 682 1691; x_wconf 83' lang='lat' dir='ltr'>couscientia</span> <span class='ocrx_word' id='word_1_98' title='bbox 705 1629 767 1707; x_wconf 87' lang='lat' dir='ltr'>est,</span> <span class='ocrx_word' id='word_1_99' title='bbox 798 1630 829 1691; x_wconf 87' lang='lat' dir='ltr'>et</span> <span class='ocrx_word' id='word_1_100' title='bbox 857 1645 896 1690; x_wconf 89' lang='lat' dir='ltr'>nc</span> <span class='ocrx_word' id='word_1_101' title='bbox 918 1627 961 1690; x_wconf 90' lang='lat' dir='ltr'>sic</span> <span class='ocrx_word' id='word_1_102' title='bbox 989 1625 1113 1708; x_wconf 86' lang='lat' dir='ltr'>quidem</span> <span class='ocrx_word' id='word_1_103' title='bbox 1145 1616 1355 1710; x_wconf 85' lang='lat' dir='ltr'>agnoscimus,</span> 
     </span>
    </p>

    <p class='ocr_par' dir='ltr' id='par_1_4' title="bbox 173 1726 1355 1811">
     <span class='ocr_line' id='line_1_14' title="bbox 173 1726 1355 1811; baseline -0.001 -16"><span class='ocrx_word' id='word_1_104' title='bbox 173 1726 313 1796; x_wconf 73' lang='lat' dir='ltr'>saeuius</span> <span class='ocrx_word' id='word_1_105' title='bbox 328 1731 387 1794; x_wconf 93' lang='lat' dir='ltr'>hoc</span> <span class='ocrx_word' id='word_1_106' title='bbox 402 1728 572 1806; x_wconf 87' lang='lat' dir='ltr'>beneficiis,</span> <span class='ocrx_word' id='word_1_107' title='bbox 596 1731 676 1811; x_wconf 90' lang='lat' dir='ltr'>quod</span> <span class='ocrx_word' id='word_1_108' title='bbox 692 1728 795 1793; x_wconf 90' lang='lat' dir='ltr'>adbuc</span> <span class='ocrx_word' id='word_1_109' title='bbox 809 1728 957 1808; x_wconf 86' lang='lat' dir='ltr'>uiuimus,</span> <span class='ocrx_word' id='word_1_110' title='bbox 982 1727 1159 1794; x_wconf 82' lang='lat' dir='ltr'>debeamus.</span> <span class='ocrx_word' id='word_1_111' title='bbox 1183 1728 1210 1792; x_wconf 89' lang='lat' dir='ltr'>si</span> <span class='ocrx_word' id='word_1_112' title='bbox 1234 1728 1355 1811; x_wconf 85' lang='lat' dir='ltr'>quaudo</span> 
     </span>
    </p>

    <p class='ocr_par' dir='ltr' id='par_1_5' title="bbox 168 1827 1392 2430">
     <span class='ocr_line' id='line_1_15' title="bbox 168 1827 1356 1918; baseline -0.003 -19"><span class='ocrx_word' id='word_1_113' title='bbox 168 1827 171 1832; x_wconf 74' lang='grc'><strong>’</strong></span> <span class='ocrx_word' id='word_1_114' title='bbox 224 1837 305 1899; x_wconf 88' lang='lat' dir='ltr'>enim</span> <span class='ocrx_word' id='word_1_115' title='bbox 328 1832 420 1897; x_wconf 91' lang='lat' dir='ltr'>nobis</span> <span class='ocrx_word' id='word_1_116' title='bbox 442 1831 582 1914; x_wconf 87' lang='lat' dir='ltr'>prosperi</span> <span class='ocrx_word' id='word_1_117' title='bbox 605 1830 723 1915; x_wconf 89' lang='lat' dir='ltr'>aliquid</span> <span class='ocrx_word' id='word_1_118' title='bbox 746 1831 869 1918; x_wconf 85' lang='lat' dir='ltr'>praeter</span> <span class='ocrx_word' id='word_1_119' title='bbox 892 1850 980 1912; x_wconf 88' lang='lat' dir='ltr'>spem</span> <span class='ocrx_word' id='word_1_120' title='bbox 995 1831 1135 1897; x_wconf 83' lang='lat' dir='ltr'>nestram</span> <span class='ocrx_word' id='word_1_121' title='bbox 1159 1834 1189 1895; x_wconf 89' lang='lat' dir='ltr'>et</span> <span class='ocrx_word' id='word_1_122' title='bbox 1204 1832 1356 1897; x_wconf 84' lang='lat' dir='ltr'>meritum</span> 
     </span>
     <span class='ocr_line' id='line_1_16' title="bbox 224 1933 1392 2014; baseline -0.003 -13"><span class='ocrx_word' id='word_1_123' title='bbox 224 1937 300 2001; x_wconf 80' lang='lat' dir='ltr'>deris</span> <span class='ocrx_word' id='word_1_124' title='bbox 322 1936 444 2014; x_wconf 86' lang='lat' dir='ltr'>tribuit,</span> <span class='ocrx_word' id='word_1_125' title='bbox 468 1934 548 1998; x_wconf 89' lang='lat' dir='ltr'>alius</span> <span class='ocrx_word' id='word_1_126' title='bbox 571 1933 629 1999; x_wconf 90' lang='lat' dir='ltr'>hoc</span> <span class='ocrx_word' id='word_1_127' title='bbox 659 1933 807 1999; x_wconf 81' lang='lat' dir='ltr'>adscribit</span> <span class='ocrx_word' id='word_1_128' title='bbox 830 1934 972 1999; x_wconf 85' lang='lat' dir='ltr'>fortunae</span> <span class='ocrx_word' id='word_1_129' title='bbox 996 1933 1077 1999; x_wconf 88' lang='lat' dir='ltr'>alius</span> <span class='ocrx_word' id='word_1_130' title='bbox 1099 1933 1241 2012; x_wconf 83' lang='lat' dir='ltr'>cuentui,</span> <span class='ocrx_word' id='word_1_131' title='bbox 1272 1934 1392 1999; x_wconf 78' lang='lat' dir='ltr'>aliusrs</span> 
     </span>
     <span class='ocr_line' id='line_1_17' title="bbox 223 2037 1353 2119; baseline -0.002 -15"><span class='ocrx_word' id='word_1_132' title='bbox 223 2037 409 2105; x_wconf 86' lang='lat' dir='ltr'>ordinationi</span> <span class='ocrx_word' id='word_1_133' title='bbox 431 2039 548 2102; x_wconf 90' lang='lat' dir='ltr'>ducum</span> <span class='ocrx_word' id='word_1_134' title='bbox 572 2038 651 2102; x_wconf 88' lang='lat' dir='ltr'>alius</span> <span class='ocrx_word' id='word_1_135' title='bbox 674 2037 813 2116; x_wconf 87' lang='lat' dir='ltr'>consilio,</span> <span class='ocrx_word' id='word_1_136' title='bbox 839 2038 918 2102; x_wconf 87' lang='lat' dir='ltr'>alius</span> <span class='ocrx_word' id='word_1_137' title='bbox 937 2037 1119 2119; x_wconf 81' lang='lat' dir='ltr'>magisterio</span> <span class='ocrx_word' id='word_1_138' title='bbox 1142 2038 1222 2103; x_wconf 88' lang='lat' dir='ltr'>alius</span> <span class='ocrx_word' id='word_1_139' title='bbox 1245 2039 1353 2118; x_wconf 88' lang='lat' dir='ltr'>patro-</span> 
     </span>
     <span class='ocr_line' id='line_1_18' title="bbox 223 2139 1355 2224; baseline 0 -17"><span class='ocrx_word' id='word_1_140' title='bbox 223 2141 314 2221; x_wconf 89' lang='lat' dir='ltr'>cinio,</span> <span class='ocrx_word' id='word_1_141' title='bbox 335 2141 441 2205; x_wconf 87' lang='lat' dir='ltr'>uultus</span> <span class='ocrx_word' id='word_1_142' title='bbox 458 2141 522 2206; x_wconf 92' lang='lat' dir='ltr'>dec.</span> <span class='ocrx_word' id='word_1_143' title='bbox 550 2142 581 2204; x_wconf 89' lang='lat' dir='ltr'>et</span> <span class='ocrx_word' id='word_1_144' title='bbox 603 2140 766 2219; x_wconf 90' lang='lat' dir='ltr'>miramur,</span> <span class='ocrx_word' id='word_1_145' title='bbox 790 2140 817 2205; x_wconf 90' lang='lat' dir='ltr'>si</span> <span class='ocrx_word' id='word_1_146' title='bbox 840 2139 928 2204; x_wconf 90' lang='lat' dir='ltr'>nobis</span> <span class='ocrx_word' id='word_1_147' title='bbox 953 2139 1094 2206; x_wconf 89' lang='lat' dir='ltr'>caelestis</span> <span class='ocrx_word' id='word_1_148' title='bbox 1117 2159 1228 2205; x_wconf 89' lang='lat' dir='ltr'>manus</span> <span class='ocrx_word' id='word_1_149' title='bbox 1247 2140 1355 2224; x_wconf 85' lang='lat' dir='ltr'>aliqua</span> 
     </span>
     <span class='ocr_line' id='line_1_19' title="bbox 223 2243 1354 2328; baseline -0.002 -17"><span class='ocrx_word' id='word_1_150' title='bbox 223 2264 285 2311; x_wconf 88' lang='lat' dir='ltr'>nou</span> <span class='ocrx_word' id='word_1_151' title='bbox 307 2248 454 2327; x_wconf 84' lang='lat' dir='ltr'>praestet,</span> <span class='ocrx_word' id='word_1_152' title='bbox 484 2245 534 2309; x_wconf 89' lang='lat' dir='ltr'>cui</span> <span class='ocrx_word' id='word_1_153' title='bbox 557 2243 704 2327; x_wconf 87' lang='lat' dir='ltr'>quicquid</span> <span class='ocrx_word' id='word_1_154' title='bbox 726 2243 921 2324; x_wconf 81' lang='lat' dir='ltr'>praestiterit</span> <span class='ocrx_word' id='word_1_155' title='bbox 943 2244 1141 2328; x_wconf 88' lang='lat' dir='ltr'>derogamus.</span> <span class='ocrx_word' id='word_1_156' title='bbox 1172 2245 1245 2326; x_wconf 92' lang='lat' dir='ltr'>quid</span> <span class='ocrx_word' id='word_1_157' title='bbox 1269 2247 1354 2309; x_wconf 89' lang='lat' dir='ltr'>enim</span> 
     </span>
     <span class='ocr_line' id='line_1_20' title="bbox 224 2345 1353 2430; baseline -0.001 -17"><span class='ocrx_word' id='word_1_158' title='bbox 224 2347 311 2428; x_wconf 85' lang='lat' dir='ltr'>aliud</span> <span class='ocrx_word' id='word_1_159' title='bbox 333 2347 480 2430; x_wconf 88' lang='lat' dir='ltr'>facimus,</span> <span class='ocrx_word' id='word_1_160' title='bbox 514 2366 583 2411; x_wconf 89' lang='lat' dir='ltr'>cum</span> <span class='ocrx_word' id='word_1_161' title='bbox 614 2345 710 2425; x_wconf 86' lang='lat' dir='ltr'>bona,</span> <span class='ocrx_word' id='word_1_162' title='bbox 741 2364 818 2429; x_wconf 90' lang='lat' dir='ltr'>quae</span> <span class='ocrx_word' id='word_1_163' title='bbox 847 2348 1002 2428; x_wconf 88' lang='lat' dir='ltr'>praestat,</span> <span class='ocrx_word' id='word_1_164' title='bbox 1031 2365 1087 2411; x_wconf 90' lang='lat' dir='ltr'>nos</span> <span class='ocrx_word' id='word_1_165' title='bbox 1115 2346 1166 2412; x_wconf 91' lang='lat' dir='ltr'>uel</span> <span class='ocrx_word' id='word_1_166' title='bbox 1189 2347 1353 2412; x_wconf 81' lang='lat' dir='ltr'>edentibus</span> 
     </span>
    </p>

    <p class='ocr_par' dir='ltr' id='par_1_6' title="bbox 121 2449 1390 2946">
     <span class='ocr_line' id='line_1_21' title="bbox 121 2449 1390 2533; baseline -0.003 -16"><span class='ocrx_word' id='word_1_167' title='bbox 121 2525 124 2530; x_wconf 16' lang='grc' dir='ltr'><em>Α</em></span> <span class='ocrx_word' id='word_1_168' title='bbox 224 2470 353 2518; x_wconf 90' lang='lat' dir='ltr'>casuum</span> <span class='ocrx_word' id='word_1_169' title='bbox 380 2451 430 2517; x_wconf 92' lang='lat' dir='ltr'>uel</span> <span class='ocrx_word' id='word_1_170' title='bbox 459 2449 631 2515; x_wconf 83' lang='lat' dir='ltr'>uirtutibus</span> <span class='ocrx_word' id='word_1_171' title='bbox 660 2453 773 2515; x_wconf 91' lang='lat' dir='ltr'>ducum</span> <span class='ocrx_word' id='word_1_172' title='bbox 801 2451 853 2515; x_wconf 89' lang='lat' dir='ltr'>uel</span> <span class='ocrx_word' id='word_1_173' title='bbox 882 2451 1127 2533; x_wconf 88' lang='lat' dir='ltr'>quibuscumque</span> <span class='ocrx_word' id='word_1_174' title='bbox 1160 2449 1230 2515; x_wconf 88' lang='lat' dir='ltr'>aliis</span> <span class='ocrx_word' id='word_1_175' title='bbox 1260 2453 1390 2517; x_wconf 77' lang='lat' dir='ltr'>rebusad</span> 
     </span>
     <span class='ocr_line' id='line_1_22' title="bbox 169 2543 1355 2637; baseline 0.002 -20"><span class='ocrx_word' id='word_1_176' title='bbox 169 2543 349 2621; x_wconf 75' lang='lat' dir='ltr'>³36friuulis</span> <span class='ocrx_word' id='word_1_177' title='bbox 372 2555 582 2637; x_wconf 80' lang='lat' dir='ltr'>deputamus?</span> <span class='ocrx_word' id='word_1_178' title='bbox 626 2554 684 2617; x_wconf 91' lang='lat' dir='ltr'>hoc</span> <span class='ocrx_word' id='word_1_179' title='bbox 706 2552 789 2619; x_wconf 87' lang='lat' dir='ltr'>enim</span> <span class='ocrx_word' id='word_1_180' title='bbox 819 2553 910 2618; x_wconf 87' lang='lat' dir='ltr'>mode</span> <span class='ocrx_word' id='word_1_181' title='bbox 934 2557 965 2618; x_wconf 88' lang='lat' dir='ltr'>et</span> <span class='ocrx_word' id='word_1_182' title='bbox 986 2554 1080 2618; x_wconf 89' lang='lat' dir='ltr'>terris</span> <span class='ocrx_word' id='word_1_183' title='bbox 1110 2571 1166 2618; x_wconf 89' lang='lat' dir='ltr'>nos</span> <span class='ocrx_word' id='word_1_184' title='bbox 1196 2555 1355 2635; x_wconf 88' lang='lat' dir='ltr'>oporteret</span> 
     </span>
     <span class='ocr_line' id='line_1_23' title="bbox 222 2656 1353 2744; baseline 0 -20"><span class='ocrx_word' id='word_1_185' title='bbox 222 2659 342 2744; x_wconf 84' lang='lat' dir='ltr'>gratias</span> <span class='ocrx_word' id='word_1_186' title='bbox 376 2676 467 2740; x_wconf 82' lang='lat' dir='ltr'>agere</span> <span class='ocrx_word' id='word_1_187' title='bbox 501 2659 581 2739; x_wconf 92' lang='lat' dir='ltr'>quod</span> <span class='ocrx_word' id='word_1_188' title='bbox 615 2656 721 2739; x_wconf 85' lang='lat' dir='ltr'>fruges</span> <span class='ocrx_word' id='word_1_189' title='bbox 752 2672 870 2722; x_wconf 89' lang='lat' dir='ltr'>annuas</span> <span class='ocrx_word' id='word_1_190' title='bbox 899 2658 1047 2722; x_wconf 88' lang='lat' dir='ltr'>metimus</span> <span class='ocrx_word' id='word_1_191' title='bbox 1077 2659 1108 2721; x_wconf 84' lang='lat' dir='ltr'>et</span> <span class='ocrx_word' id='word_1_192' title='bbox 1136 2656 1237 2721; x_wconf 90' lang='lat' dir='ltr'>uineis</span> <span class='ocrx_word' id='word_1_193' title='bbox 1271 2659 1353 2739; x_wconf 90' lang='lat' dir='ltr'>quod</span> 
     </span>
     <span class='ocr_line' id='line_1_24' title="bbox 222 2759 1355 2843; baseline -0.004 -15"><span class='ocrx_word' id='word_1_194' title='bbox 222 2762 459 2838; x_wconf 86' lang='lat' dir='ltr'>uiudemiamus,</span> <span class='ocrx_word' id='word_1_195' title='bbox 484 2764 516 2825; x_wconf 84' lang='lat' dir='ltr'>et</span> <span class='ocrx_word' id='word_1_196' title='bbox 538 2761 617 2825; x_wconf 90' lang='lat' dir='ltr'>mari</span> <span class='ocrx_word' id='word_1_197' title='bbox 640 2762 733 2843; x_wconf 84' lang='lat' dir='ltr'>quod·</span> <span class='ocrx_word' id='word_1_198' title='bbox 744 2763 842 2842; x_wconf 88' lang='lat' dir='ltr'>pisces</span> <span class='ocrx_word' id='word_1_199' title='bbox 860 2762 998 2842; x_wconf 89' lang='lat' dir='ltr'>capimus</span> <span class='ocrx_word' id='word_1_200' title='bbox 1015 2765 1046 2825; x_wconf 91' lang='lat' dir='ltr'>et</span> <span class='ocrx_word' id='word_1_201' title='bbox 1062 2761 1150 2825; x_wconf 87' lang='lat' dir='ltr'>siluis</span> <span class='ocrx_word' id='word_1_202' title='bbox 1167 2759 1247 2842; x_wconf 90' lang='lat' dir='ltr'>quod</span> <span class='ocrx_word' id='word_1_203' title='bbox 1259 2759 1355 2843; x_wconf 74' lang='lat' dir='ltr'>vligna</span> 
     </span>
     <span class='ocr_line' id='line_1_25' title="bbox 224 2861 1353 2946; baseline -0.003 -16"><span class='ocrx_word' id='word_1_204' title='bbox 224 2864 395 2944; x_wconf 80' lang='lat' dir='ltr'>caedimus,</span> <span class='ocrx_word' id='word_1_205' title='bbox 427 2867 457 2928; x_wconf 93' lang='lat' dir='ltr'>et</span> <span class='ocrx_word' id='word_1_206' title='bbox 486 2863 597 2928; x_wconf 88' lang='lat' dir='ltr'>ouibus</span> <span class='ocrx_word' id='word_1_207' title='bbox 620 2863 701 2944; x_wconf 89' lang='lat' dir='ltr'>qued</span> <span class='ocrx_word' id='word_1_208' title='bbox 723 2866 810 2927; x_wconf 83' lang='lat' dir='ltr'>ueste</span> <span class='ocrx_word' id='word_1_209' title='bbox 833 2864 969 2946; x_wconf 84' lang='lat' dir='ltr'>tegimur</span> <span class='ocrx_word' id='word_1_210' title='bbox 991 2866 1024 2928; x_wconf 89' lang='lat' dir='ltr'>et</span> <span class='ocrx_word' id='word_1_211' title='bbox 1045 2861 1214 2946; x_wconf 79' lang='lat' dir='ltr'>pecudibus</span> <span class='ocrx_word' id='word_1_212' title='bbox 1239 2861 1353 2927; x_wconf 87' lang='lat' dir='ltr'>ceteris</span> 
     </span>
    </p>

    <p class='ocr_par' dir='ltr' id='par_1_7' title="bbox 208 2966 1389 3256">
     <span class='ocr_line' id='line_1_26' title="bbox 208 2966 1389 3050; baseline 0.001 -18"><span class='ocrx_word' id='word_1_213' title='bbox 208 2966 304 3050; x_wconf 77' lang='lat' dir='ltr'>‘quod</span> <span class='ocrx_word' id='word_1_214' title='bbox 326 2985 418 3031; x_wconf 87' lang='lat' dir='ltr'>carne</span> <span class='ocrx_word' id='word_1_215' title='bbox 441 2969 628 3030; x_wconf 90' lang='lat' dir='ltr'>saturamur.</span> <span class='ocrx_word' id='word_1_216' title='bbox 666 2985 739 3030; x_wconf 89' lang='lat' dir='ltr'>nam</span> <span class='ocrx_word' id='word_1_217' title='bbox 762 2983 840 3048; x_wconf 88' lang='lat' dir='ltr'>quac</span> <span class='ocrx_word' id='word_1_218' title='bbox 862 2967 942 3032; x_wconf 89' lang='lat' dir='ltr'>ratio</span> <span class='ocrx_word' id='word_1_219' title='bbox 965 2967 1027 3046; x_wconf 88' lang='lat' dir='ltr'>est,</span> <span class='ocrx_word' id='word_1_220' title='bbox 1056 2968 1093 3032; x_wconf 86' lang='lat' dir='ltr'>ut</span> <span class='ocrx_word' id='word_1_221' title='bbox 1116 2966 1219 3049; x_wconf 89' lang='lat' dir='ltr'>cipro</span> <span class='ocrx_word' id='word_1_222' title='bbox 1243 2984 1389 3033; x_wconf 82' lang='lat' dir='ltr'>mune-re</span> 
     </span>
     <span class='ocr_line' id='line_1_27' title="bbox 220 3067 1352 3152; baseline 0.001 -20"><span class='ocrx_word' id='word_1_223' title='bbox 220 3068 308 3133; x_wconf 89' lang='lat' dir='ltr'>ribus</span> <span class='ocrx_word' id='word_1_224' title='bbox 338 3067 406 3133; x_wconf 89' lang='lat' dir='ltr'>aliis</span> <span class='ocrx_word' id='word_1_225' title='bbox 434 3069 517 3152; x_wconf 87' lang='lat' dir='ltr'>grati</span> <span class='ocrx_word' id='word_1_226' title='bbox 539 3086 604 3134; x_wconf 87' lang='lat' dir='ltr'>esse</span> <span class='ocrx_word' id='word_1_227' title='bbox 633 3067 784 3149; x_wconf 88' lang='lat' dir='ltr'>uelimus,</span> <span class='ocrx_word' id='word_1_228' title='bbox 814 3071 864 3135; x_wconf 91' lang='lat' dir='ltr'>cui</span> <span class='ocrx_word' id='word_1_229' title='bbox 893 3069 1100 3134; x_wconf 80' lang='lat' dir='ltr'>maximorum</span> <span class='ocrx_word' id='word_1_230' title='bbox 1132 3068 1352 3134; x_wconf 90' lang='lat' dir='ltr'>beneficiorum</span> 
     </span>
     <span class='ocr_line' id='line_1_28' title="bbox 221 3172 1351 3256; baseline 0.002 -20"><span class='ocrx_word' id='word_1_231' title='bbox 221 3189 347 3253; x_wconf 85' lang='lat' dir='ltr'>suorum</span> <span class='ocrx_word' id='word_1_232' title='bbox 377 3173 511 3256; x_wconf 83' lang='lat' dir='ltr'>gratiam</span> <span class='ocrx_word' id='word_1_233' title='bbox 542 3175 750 3255; x_wconf 78' lang='lat' dir='ltr'>derogamus?</span> <span class='ocrx_word' id='word_1_234' title='bbox 790 3176 844 3238; x_wconf 86' lang='lat' dir='ltr'>aut</span> <span class='ocrx_word' id='word_1_235' title='bbox 878 3175 946 3255; x_wconf 87' lang='lat' dir='ltr'>quis</span> <span class='ocrx_word' id='word_1_236' title='bbox 981 3176 1144 3239; x_wconf 87' lang='lat' dir='ltr'>contentus</span> <span class='ocrx_word' id='word_1_237' title='bbox 1178 3176 1225 3238; x_wconf 82' lang='lat' dir='ltr'>est</span> <span class='ocrx_word' id='word_1_238' title='bbox 1257 3172 1351 3238; x_wconf 90' lang='lat' dir='ltr'>homo</span> 
     </span>
    </p>
   </div>
   <div class='ocr_carea' id='block_1_4' title="bbox 218 3444 1353 4272">
    <p class='ocr_par' dir='ltr' id='par_1_8' title="bbox 218 3444 1353 4272">
     <span class='ocr_line' id='line_1_29' title="bbox 273 3444 1352 3516; baseline 0.004 -18"><span class='ocrx_word' id='word_1_239' title='bbox 273 3444 409 3498; x_wconf 87' lang='lat' dir='ltr'>luiribue</span> <span class='ocrx_word' id='word_1_240' title='bbox 427 3446 493 3498; x_wconf 88' lang='lat' dir='ltr'>meis</span> <span class='ocrx_word' id='word_1_241' title='bbox 511 3445 538 3498; x_wconf 96' lang='grc' dir='ltr'>Β</span> <span class='ocrx_word' id='word_1_242' title='bbox 634 3447 733 3501; x_wconf 79' lang='lat' dir='ltr'>doute</span> <span class='ocrx_word' id='word_1_243' title='bbox 750 3447 860 3516; x_wconf 88' lang='lat' dir='ltr'>inquam</span> <span class='ocrx_word' id='word_1_244' title='bbox 877 3447 1066 3504; x_wconf 68' lang='lat' dir='ltr'>marcuart.</span> <span class='ocrx_word' id='word_1_245' title='bbox 1086 3448 1180 3502; x_wconf 91' lang='lat' dir='ltr'>bocA</span> <span class='ocrx_word' id='word_1_246' title='bbox 1279 3447 1352 3502; x_wconf 86' lang='lat' dir='ltr'>blas-</span> 
     </span>
     <span class='ocr_line' id='line_1_30' title="bbox 219 3537 1352 3624; baseline 0.003 -33"><span class='ocrx_word' id='word_1_247' title='bbox 219 3537 315 3608; x_wconf 88' lang='lat' dir='ltr'>phema</span> <span class='ocrx_word' id='word_1_248' title='bbox 341 3555 375 3594; x_wconf 80' lang='lat' dir='ltr'>ea</span> <span class='ocrx_word' id='word_1_249' title='bbox 401 3538 566 3608; x_wconf 86' lang='lat' dir='ltr'>blasphemia</span> <span class='ocrx_word' id='word_1_250' title='bbox 593 3541 620 3594; x_wconf 87' lang='lat' dir='ltr'><strong><em>A</em></strong></span> <span class='ocrx_word' id='word_1_251' title='bbox 648 3556 717 3596; x_wconf 82' lang='lat' dir='ltr'>corr.</span> <span class='ocrx_word' id='word_1_252' title='bbox 744 3557 777 3596; x_wconf 90' lang='lat' dir='ltr'>m.</span> <span class='ocrx_word' id='word_1_253' title='bbox 796 3545 828 3597; x_wconf 82' lang='lat'>2:</span> <span class='ocrx_word' id='word_1_254' title='bbox 858 3541 1024 3624; x_wconf 81' lang='lat' dir='ltr'>blasphemia</span> <span class='ocrx_word' id='word_1_255' title='bbox 1052 3542 1079 3595; x_wconf 98' lang='grc' dir='ltr'>Β</span> <span class='ocrx_word' id='word_1_256' title='bbox 1106 3544 1143 3610; x_wconf 83' lang='lat' dir='ltr'>(ct</span> <span class='ocrx_word' id='word_1_257' title='bbox 1169 3543 1222 3607; x_wconf 64' lang='lat' dir='ltr'>Ta</span> <span class='ocrx_word' id='word_1_258' title='bbox 1252 3542 1318 3595; x_wconf 81' lang='lat' dir='ltr'>iac</span> <span class='ocrx_word' id='word_1_259' title='bbox 1341 3542 1352 3594; x_wconf 92' lang='lat' dir='ltr'>i</span> 
     </span>
     <span class='ocr_line' id='line_1_31' title="bbox 221 3633 1353 3698; baseline 0.003 -12"><span class='ocrx_word' id='word_1_260' title='bbox 221 3635 301 3698; x_wconf 81' lang='lat' dir='ltr'>erus.)</span> <span class='ocrx_word' id='word_1_261' title='bbox 396 3633 507 3687; x_wconf 78' lang='lat' dir='ltr'>‘leuem</span> <span class='ocrx_word' id='word_1_262' title='bbox 526 3633 608 3688; x_wconf 87' lang='lat' dir='ltr'>ctiam</span> <span class='ocrx_word' id='word_1_263' title='bbox 625 3636 654 3688; x_wconf 90' lang='lat' dir='ltr'>in</span> <span class='ocrx_word' id='word_1_264' title='bbox 671 3635 699 3689; x_wconf 95' lang='grc' dir='ltr'>Β</span> <span class='ocrx_word' id='word_1_265' title='bbox 799 3636 832 3688; x_wconf 95' lang='grc'>11</span> <span class='ocrx_word' id='word_1_266' title='bbox 850 3635 905 3688; x_wconf 87' lang='lat' dir='ltr'>iam</span> <span class='ocrx_word' id='word_1_267' title='bbox 923 3651 981 3690; x_wconf 82' lang='lat' dir='ltr'>csse</span> <span class='ocrx_word' id='word_1_268' title='bbox 1000 3636 1027 3689; x_wconf 98' lang='grc' dir='ltr'>Β</span> <span class='ocrx_word' id='word_1_269' title='bbox 1123 3637 1156 3690; x_wconf 84' lang='grc'>12</span> <span class='ocrx_word' id='word_1_270' title='bbox 1173 3635 1353 3698; x_wconf 83' lang='lat' dir='ltr'>conscientiae</span> 
     </span>
     <span class='ocr_line' id='line_1_32' title="bbox 220 3710 1352 3801; baseline 0.004 -20"><span class='ocrx_word' id='word_1_271' title='bbox 220 3729 261 3782; x_wconf 83' lang='lat' dir='ltr'>est</span> <span class='ocrx_word' id='word_1_272' title='bbox 278 3726 333 3781; x_wconf 91' lang='lat' dir='ltr'>AB</span> <span class='ocrx_word' id='word_1_273' title='bbox 351 3728 524 3796; x_wconf 83' lang='lat' dir='ltr'>(conscientia</span> <span class='ocrx_word' id='word_1_274' title='bbox 543 3745 576 3784; x_wconf 84' lang='lat' dir='ltr'>ecc</span> <span class='ocrx_word' id='word_1_275' title='bbox 591 3710 754 3800; x_wconf 50' lang='lat' dir='ltr'>¹conscientie</span> <span class='ocrx_word' id='word_1_276' title='bbox 772 3745 842 3786; x_wconf 83' lang='lat' dir='ltr'>corr.</span> <span class='ocrx_word' id='word_1_277' title='bbox 861 3734 887 3796; x_wconf 89' lang='lat' dir='ltr'>c)</span> <span class='ocrx_word' id='word_1_278' title='bbox 985 3731 1027 3801; x_wconf 87' lang='lat' dir='ltr'>ne]</span> <span class='ocrx_word' id='word_1_279' title='bbox 1047 3747 1095 3786; x_wconf 88' lang='lat' dir='ltr'>uec</span> <span class='ocrx_word' id='word_1_280' title='bbox 1112 3732 1139 3785; x_wconf 98' lang='grc' dir='ltr'>Β</span> <span class='ocrx_word' id='word_1_281' title='bbox 1240 3730 1274 3784; x_wconf 87' lang='grc'>14</span> <span class='ocrx_word' id='word_1_282' title='bbox 1292 3746 1352 3799; x_wconf 89' lang='lat' dir='ltr'>pro-</span> 
     </span>
     <span class='ocr_line' id='line_1_33' title="bbox 220 3810 1282 3894; baseline 0.003 -20"><span class='ocrx_word' id='word_1_283' title='bbox 220 3820 295 3893; x_wconf 81' lang='lat' dir='ltr'>spere</span> <span class='ocrx_word' id='word_1_284' title='bbox 312 3821 340 3875; x_wconf 93' lang='lat' dir='ltr'><strong><em>A</em></strong></span> <span class='ocrx_word' id='word_1_285' title='bbox 433 3821 466 3875; x_wconf 85' lang='lat'>15</span> <span class='ocrx_word' id='word_1_286' title='bbox 482 3821 531 3876; x_wconf 89' lang='lat' dir='ltr'>hoc</span> <span class='ocrx_word' id='word_1_287' title='bbox 543 3810 673 3880; x_wconf 83' lang='lat' dir='ltr'>adscribdo</span> <span class='ocrx_word' id='word_1_288' title='bbox 691 3824 784 3894; x_wconf 80' lang='lat' dir='ltr'>(super</span> <span class='ocrx_word' id='word_1_289' title='bbox 797 3824 820 3879; x_wconf 83' lang='lat' dir='ltr'>ds</span> <span class='ocrx_word' id='word_1_290' title='bbox 832 3839 883 3881; x_wconf 83' lang='lat' dir='ltr'>scr.</span> <span class='ocrx_word' id='word_1_291' title='bbox 896 3825 906 3877; x_wconf 94' lang='lat' dir='ltr'>i</span> <span class='ocrx_word' id='word_1_292' title='bbox 918 3841 953 3879; x_wconf 85' lang='lat' dir='ltr'>m.</span> <span class='ocrx_word' id='word_1_293' title='bbox 965 3827 994 3893; x_wconf 76' lang='lat'>2)</span> <span class='ocrx_word' id='word_1_294' title='bbox 1007 3825 1046 3878; x_wconf 89' lang='lat' dir='ltr'>A:</span> <span class='ocrx_word' id='word_1_295' title='bbox 1064 3825 1175 3880; x_wconf 78' lang='lat' dir='ltr'>ascribit</span> <span class='ocrx_word' id='word_1_296' title='bbox 1186 3824 1235 3878; x_wconf 91' lang='lat' dir='ltr'>hoc</span> <span class='ocrx_word' id='word_1_297' title='bbox 1254 3823 1282 3877; x_wconf 92' lang='grc' dir='ltr'>Β</span> 
     </span>
     <span class='ocr_line' id='line_1_34' title="bbox 220 3915 1351 3997; baseline 0.006 -29"><span class='ocrx_word' id='word_1_298' title='bbox 220 3915 252 3968; x_wconf 88' lang='grc'>16</span> <span class='ocrx_word' id='word_1_299' title='bbox 271 3915 436 3997; x_wconf 73' lang='lat' dir='ltr'>ordinatione</span> <span class='ocrx_word' id='word_1_300' title='bbox 453 3916 510 3970; x_wconf 85' lang='lat' dir='ltr'>AB</span> <span class='ocrx_word' id='word_1_301' title='bbox 526 3917 574 3972; x_wconf 81' lang='lat' dir='ltr'>sed</span> <span class='ocrx_word' id='word_1_302' title='bbox 591 3918 620 3994; x_wconf 90' lang='lat' dir='ltr'><strong><em>A</em></strong></span> <span class='ocrx_word' id='word_1_303' title='bbox 636 3934 705 3983; x_wconf 75' lang='lat' dir='ltr'>corr.</span> <span class='ocrx_word' id='word_1_304' title='bbox 722 3934 757 3972; x_wconf 90' lang='lat' dir='ltr'>ne</span> <span class='ocrx_word' id='word_1_305' title='bbox 773 3919 806 3973; x_wconf 82' lang='lat' dir='ltr'>ia</span> <span class='ocrx_word' id='word_1_306' title='bbox 823 3919 851 3972; x_wconf 90' lang='lat' dir='ltr'>ni</span> <span class='ocrx_word' id='word_1_307' title='bbox 954 3919 1085 3991; x_wconf 73' lang='lat' dir='ltr'>magistro</span> <span class='ocrx_word' id='word_1_308' title='bbox 1104 3920 1159 3973; x_wconf 87' lang='lat' dir='ltr'>AB</span> <span class='ocrx_word' id='word_1_309' title='bbox 1180 3919 1229 3974; x_wconf 75' lang='lat' dir='ltr'>‘aaa</span> <span class='ocrx_word' id='word_1_310' title='bbox 1247 3919 1351 3997; x_wconf 68' lang='lat' dir='ltr'>magis·</span> 
     </span>
     <span class='ocr_line' id='line_1_35' title="bbox 218 4009 1351 4084; baseline 0.003 -22"><span class='ocrx_word' id='word_1_311' title='bbox 218 4009 313 4084; x_wconf 69' lang='lat' dir='ltr'>tepioi’</span> <span class='ocrx_word' id='word_1_312' title='bbox 336 4010 466 4079; x_wconf 77' lang='lat' dir='ltr'>Halmius</span> <span class='ocrx_word' id='word_1_313' title='bbox 483 4017 555 4083; x_wconf 71' lang='lat' dir='ltr'>resta</span> <span class='ocrx_word' id='word_1_314' title='bbox 657 4014 690 4067; x_wconf 83' lang='lat'>21</span> <span class='ocrx_word' id='word_1_315' title='bbox 716 4011 824 4067; x_wconf 87' lang='lat' dir='ltr'>fribulis</span> <span class='ocrx_word' id='word_1_316' title='bbox 845 4028 929 4083; x_wconf 75' lang='lat' dir='ltr'>super</span> <span class='ocrx_word' id='word_1_317' title='bbox 947 4013 965 4067; x_wconf 94' lang='lat' dir='ltr'>b</span> <span class='ocrx_word' id='word_1_318' title='bbox 982 4029 1033 4074; x_wconf 81' lang='lat' dir='ltr'>scr.</span> <span class='ocrx_word' id='word_1_319' title='bbox 1050 4031 1085 4070; x_wconf 82' lang='lat' dir='ltr'>ra.</span> <span class='ocrx_word' id='word_1_320' title='bbox 1103 4017 1158 4068; x_wconf 81' lang='lat'>211</span> <span class='ocrx_word' id='word_1_321' title='bbox 1176 4015 1215 4067; x_wconf 90' lang='lat' dir='ltr'>A:</span> <span class='ocrx_word' id='word_1_322' title='bbox 1242 4012 1351 4077; x_wconf 84' lang='lat' dir='ltr'>friuolis</span> 
     </span>
     <span class='ocr_line' id='line_1_36' title="bbox 219 4103 1349 4177; baseline 0.001 -19"><span class='ocrx_word' id='word_1_323' title='bbox 219 4104 246 4158; x_wconf 95' lang='grc' dir='ltr'>Β</span> <span class='ocrx_word' id='word_1_324' title='bbox 348 4103 382 4158; x_wconf 79' lang='grc'>22</span> <span class='ocrx_word' id='word_1_325' title='bbox 407 4107 537 4166; x_wconf 85' lang='lat' dir='ltr'>metemus</span> <span class='ocrx_word' id='word_1_326' title='bbox 561 4121 595 4161; x_wconf 81' lang='lat' dir='ltr'>aa</span> <span class='ocrx_word' id='word_1_327' title='bbox 618 4107 746 4165; x_wconf 81' lang='lat' dir='ltr'>metimus.</span> <span class='ocrx_word' id='word_1_328' title='bbox 768 4111 794 4163; x_wconf 82' lang='lat' dir='ltr'>ct</span> <span class='ocrx_word' id='word_1_329' title='bbox 817 4107 1012 4169; x_wconf 88' lang='lat' dir='ltr'>uiudemiamus</span> <span class='ocrx_word' id='word_1_330' title='bbox 1037 4123 1071 4162; x_wconf 79' lang='lat' dir='ltr'>ec</span> <span class='ocrx_word' id='word_1_331' title='bbox 1094 4107 1208 4177; x_wconf 81' lang='lat' dir='ltr'>uindim.</span> <span class='ocrx_word' id='word_1_332' title='bbox 1231 4106 1260 4160; x_wconf 91' lang='lat' dir='ltr'><strong><em>A</em></strong></span> <span class='ocrx_word' id='word_1_333' title='bbox 1277 4121 1349 4162; x_wconf 84' lang='lat' dir='ltr'>corr.</span> 
     </span>
     <span class='ocr_line' id='line_1_37' title="bbox 219 4199 1277 4272; baseline 0.003 -21"><span class='ocrx_word' id='word_1_334' title='bbox 219 4213 251 4251; x_wconf 87' lang='lat' dir='ltr'>m.</span> <span class='ocrx_word' id='word_1_335' title='bbox 269 4200 290 4252; x_wconf 84' lang='lat'><strong><em>2</em></strong></span> <span class='ocrx_word' id='word_1_336' title='bbox 393 4199 427 4254; x_wconf 81' lang='lat'>25</span> <span class='ocrx_word' id='word_1_337' title='bbox 453 4199 526 4254; x_wconf 87' lang='lat' dir='ltr'>carni</span> <span class='ocrx_word' id='word_1_338' title='bbox 543 4200 571 4254; x_wconf 92' lang='lat' dir='ltr'><strong><em>A</em></strong></span> <span class='ocrx_word' id='word_1_339' title='bbox 593 4200 665 4255; x_wconf 58' lang='lat' dir='ltr'>&amp;aaa</span> <span class='ocrx_word' id='word_1_340' title='bbox 682 4201 776 4257; x_wconf 72' lang='lat' dir='ltr'>actim</span> <span class='ocrx_word' id='word_1_341' title='bbox 792 4217 882 4272; x_wconf 84' lang='lat' dir='ltr'>namq:</span> <span class='ocrx_word' id='word_1_342' title='bbox 901 4208 927 4258; x_wconf 84' lang='lat' dir='ltr'>et</span> <span class='ocrx_word' id='word_1_343' title='bbox 944 4202 1069 4257; x_wconf 81' lang='lat' dir='ltr'>callimus</span> <span class='ocrx_word' id='word_1_344' title='bbox 1088 4204 1136 4258; x_wconf 81' lang='lat' dir='ltr'>cit.</span> <span class='ocrx_word' id='word_1_345' title='bbox 1154 4204 1165 4257; x_wconf 92' lang='lat' dir='ltr'>l</span> <span class='ocrx_word' id='word_1_346' title='bbox 1180 4208 1277 4271; x_wconf 77' lang='lat' dir='ltr'>punct.</span> 
     </span>
    </p>
   </div>
   <div class='ocr_carea' id='block_1_5' title="bbox 0 0 1542 4764">
    <p class='ocr_par' dir='ltr' id='par_1_9' title="bbox 0 0 1542 4764">
     <span class='ocr_line' id='line_1_38' title="bbox 0 0 1542 4764; baseline 0 3"><span class='ocrx_word' id='word_1_347' title='bbox 0 0 1542 4764; x_wconf 95' lang='lat' dir='ltr'> </span> 
     </span>
    </p>
   </div>
  </div>
 </body>
</html>
