3076 4764
523 291 561 347 de
578 293 713 362 gubern.
731 292 785 347 dei
806 292 845 348 VI
868 293 1011 359 §ts-38.
1270 297 1332 362 135

206 485 289 549 solus
317 484 409 551 uobis
430 484 464 549 iu
486 484 716 568 comparatione
743 484 883 549 omniurn
912 485 988 549 deus
1016 484 1090 548 uilis
1119 487 1175 549 est.
1200 484 1331 568 denique
1344 485 1386 551 37

141 670 143 675 Α
206 590 328 672 praeter
350 589 422 666 alia,
445 606 523 672 quse
545 587 577 652 id
600 587 743 669 probaui,
767 585 886 654 indicat
907 586 965 652 hoc
987 587 1084 652 etiem
1100 587 1175 653 hoec
1190 605 1240 653 res
1264 589 1332 670 ipsa

206 709 299 773 quem
321 690 400 756 dico.
432 691 460 756 si
477 693 598 773 quaudo
613 691 697 755 enim
714 692 860 771 creuerit,
878 691 959 773 quod
975 689 1095 756 scilicet
1110 708 1201 773 saepe
1216 691 1331 771 euenit,

206 797 243 860 ut
265 795 374 863 eodem
396 794 445 861 die
467 797 499 859 et
521 792 681 859 festiuitas
699 792 911 859 ecclesiastica
926 794 958 858 et
971 792 1039 858 ludi
1054 794 1174 875 pubhci
1189 799 1332 877 agentur,

184 916 318 984 iqueero
347 897 386 964 ab
416 898 555 964 omnium
590 896 787 974 conscientie,
822 898 891 978 quis
924 894 1010 962 locus
1043 898 1176 962 maiores
1198 894 1334 961 Christi-

205 1022 333 1070 anorum
357 1002 496 1066 uirorum
519 999 623 1081 copias
651 998 775 1077 habeat,
805 1017 898 1064 cenea
925 999 992 1065 ludi
1014 999 1132 1082 publici
1155 1018 1194 1065 au
1216 1001 1333 1066 chium

206 1107 266 1185 dei,
295 1107 329 1169 et
350 1104 504 1185 templum
534 1120 640 1168 omues
669 1103 769 1185 magis
797 1102 955 1167 sectentur
984 1120 1025 1167 en
1047 1103 1217 1181 theatrum,
1247 1103 1332 1170 dictu

205 1207 437 1292 euangeliorum
470 1205 572 1290 magis
604 1205 739 1289 diligant
769 1224 808 1270 au
830 1205 1082 1289 thymelicorum,
1118 1208 1214 1273 uerba
1247 1206 1332 1272 niteo

206 1332 246 1379 en
269 1313 365 1377 uerba
386 1310 506 1385 mortis,
529 1307 627 1373 uerbo
651 1306 770 1373 Christi
792 1326 831 1372 au
854 1308 950 1374 uerbo
971 1309 1085 1374 mimi?
1121 1328 1181 1375 non
1204 1313 1251 1375 est
1274 1310 1333 1375 clu·
1343 1306 1385 1371 38

173 1415 294 1480 iobium
327 1413 403 1496 quin
435 1411 515 1478 illud
547 1411 648 1496 magis
680 1429 830 1489 amemus,
865 1411 945 1494 quod
978 1414 1207 1495 anteponimus.
1246 1411 1333 1477 omni

207 1520 291 1585 euim
313 1518 459 1583 feralium
474 1516 668 1582 ludicrorum
685 1514 745 1598 die,
769 1514 928 1597 quaelibet
944 1516 1092 1581 ecelesiae
1108 1516 1188 1580 feste
1203 1515 1328 1596 fuerint,

205 1640 266 1687 non
289 1621 389 1687 solnm
417 1623 456 1685 ed
479 1618 642 1684 ecclesiam
672 1636 735 1684 uon
756 1610 889 1682 ueniunt
917 1619 971 1700 qui
994 1616 1185 1685 Christianos
1208 1637 1241 1684 se
1264 1637 1332 1684 esse

207 1724 325 1803 dicuin,
355 1724 408 1788 sed
433 1722 460 1786 si
483 1723 537 1804 qui
559 1721 650 1787 inscii
673 1722 752 1786 forte
781 1721 930 1799 uenerint,
962 1721 1038 1785 dum
1060 1722 1094 1786 in
1116 1721 1185 1802 ipso
1207 1722 1334 1787 ecclesie

206 1831 288 1904 sunt,
311 1827 337 1891 si
359 1826 449 1890 ludos
471 1827 521 1907 agi
544 1825 686 1900 audiunt,
721 1823 884 1889 eeclesiam
907 1824 1137 1907 derelinquunt.
1176 1823 1334 1907 spernitur

174 1929 254 1995 iudei
287 1928 453 2013 templum,
488 1928 525 1993 ut
557 1931 701 1993 curratur
735 1931 774 1994 ad
807 1927 982 1992 theatrum:
1016 1928 1148 1993 ecclesia
1180 1928 1334 1993 uacuatur

208 2032 308 2098 circus
329 2032 498 2114 impletur:
527 2029 685 2095 Christum
713 2029 747 2094 iu
776 2030 887 2095 alterio
911 2030 1112 2106 dimittimus,
1136 2036 1172 2096 ut
1195 2031 1334 2097 adulter-

207 2140 294 2202 antes
330 2136 399 2200 uisu
438 2134 648 2219 impurissimo
687 2135 791 2199 oculos
831 2134 1019 2199 ludicrorum
1059 2135 1199 2216 turpium
1235 2133 1334 2199 forui-

207 2241 326 2305 cutione
358 2257 531 2320 poscamus.
570 2241 602 2302 et
630 2238 698 2302 ideo
726 2238 899 2303 rectissime
927 2239 966 2302 ed
995 2255 1051 2302 nos
1085 2238 1226 2301 domiuus
1260 2237 1339 2302 deus-

207 2341 297 2408 dioit:
333 2343 492 2424 propter
519 2340 758 2422 spurcitiam
793 2339 1052 2405 exterminati
1081 2339 1180 2403 estis
1211 2341 1335 2403 exter·

172 2444 338 2509 rominio.
366 2448 397 2508 et
420 2464 542 2510 rursum
565 2434 955 2508 ‘exterminabuntur'
977 2442 1080 2523 inquit
1101 2433 1199 2507 ‘arae
1221 2442 1335 2506 huius

209 2547 331 2612 risus’.

310 2749 384 2804 19?
486 2749 559 2802 20?

259 2939 276 2993 3
294 2938 412 2993 creuerit
430 2939 489 2994 edri.
509 2945 534 2993 et
550 2939 695 2994 Halmius:
723 2940 829 2994 uenerit
846 2940 902 2994 AB
922 2944 983 3004 (usu
1001 2940 1033 2993 im
1050 2954 1067 2992 o
1084 2938 1231 3006 adscripsit
1249 2951 1338 3008 morp.

209 3024 407 3080 Braseicomme:
436 3027 556 3080 euenerit
574 3042 630 3094 pro
651 3025 721 3079 enim
745 3025 849 3081 uenerit
867 3025 1079 3090 Ritterclmeiue)
1183 3023 1337 3092 saepeuenit

208 3127 292 3181 emper
309 3127 323 3164 e
340 3111 476 3166 secundae
498 3112 558 3182 cyil.
583 3128 634 3167 ecr.
657 3112 704 3166 ott.
728 3126 742 3164 e
764 3129 798 3167 m.
819 3116 835 3164 1
858 3111 885 3164 A
986 3111 1052 3166 4eo
1070 3127 1092 3166 s.
1111 3126 1161 3165 cer.
1179 3126 1212 3163 m.
1232 3125 1284 3163 rec.
1303 3111 1337 3163 di

209 3197 236 3251 A
253 3213 283 3251 eo
301 3198 328 3251 B
345 3199 420 3265 (item
437 3215 466 3262 o,
494 3198 541 3252 cert
563 3199 595 3252 im
611 3215 696 3269 morp.
714 3198 779 3252 odd.
798 3197 857 3251 dem
876 3198 1072 3262 Brcceiccnmct
1175 3197 1194 3251 4
1212 3203 1238 3250 et
1255 3197 1271 3249 6
1289 3200 1336 3265 pu-

210 3281 274 3337 blici
291 3300 326 3338 ccc
342 3282 449 3353 publice
464 3285 492 3337 A
510 3300 579 3339 corr.
597 3286 669 3338 Μ
771 3283 787 3336 7
805 3284 906 3352 omnes]
927 3283 1047 3337 homines
1065 3283 1269 3338 Rittcrrhusime

210 3369 226 3422 8
243 3368 450 3423 thimellicerum
467 3369 515 3423 sed
523 3370 618 3438 priore
636 3370 646 3421 i
663 3371 731 3423 Μ
746 3374 813 3424 mot.
825 3369 857 3422 im
875 3385 889 3422 e
907 3375 933 3423 et
945 3369 991 3422 cit.
1010 3368 1020 3421 l
1034 3374 1132 3436 promet.
1149 3368 1177 3420 A
1196 3369 1237 3434 (iri
1251 3384 1337 3436 marp.

209 3468 243 3506 m.
259 3455 398 3509 reecmtiee.
424 3454 538 3522 piooeom
561 3455 624 3509 cdd.
655 3454 794 3507 hemelms
818 3454 930 3508 soheuic.
955 3470 1022 3506 mus.
1041 3470 1062 3506 c.
1081 3454 1099 3505 i.
1118 3455 1135 3505 i.
1156 3471 1177 3506 e.
1195 3453 1336 3521 thymelici

210 3542 272 3594 sunt
288 3539 387 3594 scenici
404 3539 500 3593 musici
518 3545 550 3593 ret
569 3546 609 3594 cet
627 3540 704 3607 apoc
721 3539 789 3594 Ieid.
812 3539 857 3594 Or.
878 3544 920 3593 18.
941 3543 988 3606 47)
1092 3540 1123 3593 15
1142 3543 1336 3594 concurruntur

209 3625 236 3679 B
341 3626 374 3680 18
393 3631 458 3693 poet
480 3641 619 3693 pascemus
642 3626 765 3694 sequitur
787 3628 818 3678 im
840 3625 928 3679 libris:
959 3629 1052 3694 posteo
1075 3625 1121 3678 scd
1144 3623 1272 3679 uidelicet
1290 3626 1338 3694 qni

211 3713 312 3779 (postea
334 3711 398 3766 odd.
423 3712 455 3765 im
477 3716 502 3777 e)
530 3712 723 3781 corrumpimur
746 3711 825 3764 rebus
849 3713 981 3781 prosperis
1004 3710 1156 3766 faciendum
1179 3712 1284 3781 aliquid
1307 3712 1337 3767 ln

210 3799 338 3867 principio
358 3801 494 3867 (putemus
512 3797 577 3852 adei.
596 3799 628 3853 im
646 3802 680 3863 o).
706 3798 781 3852 ‘hoec
805 3799 891 3852 uerbo
915 3798 1032 3853 delerrita
1050 3814 1105 3854 esec
1121 3799 1259 3854 intellexit
1276 3799 1336 3853 Ba-

211 3883 317 3952 imrircs3
335 3884 408 3938 idem
424 3885 458 3939 im
475 3884 595 3951 emcmpto
607 3884 767 3949 Pithocamo,
785 3884 858 3952 qood
875 3885 1008 3938 certatim
1020 3885 1338 3941 contumaciorem

211 3972 317 4024 morcio
340 3970 426 4023 uerba
450 3970 496 4023 secl
521 3968 823 4038 uidelicet—prosperis
846 3971 964 4039 repetito
986 3978 1038 4026 eut
1059 3979 1209 4042 praecepta
1231 3989 1286 4027 ecce
1304 3989 1338 4027 ccc

127 4045 129 4048 ’
212 4055 267 4109 ioco
285 4055 420 4122 inferiore
438 4072 459 4109 c.
477 4058 515 4110 12
532 4055 603 4110 imit.²
621 4055 759 4121 Halmius,
787 4058 865 4110 crime
888 4056 921 4110 etc
937 4057 1013 4122 sorite
1034 4059 1092 4114 rell.
1111 4060 1258 4114 uerborum
1275 4076 1337 4115 scm·

212 4143 324 4195 temticm
342 4143 373 4195 im
391 4142 457 4197 adm.
475 4143 535 4196 crit.
554 4142 722 4210 propositam
735 4143 841 4208 purtim
856 4145 1045 4211 ecmplecimos
1052 4147 1160 4213 partim
1171 4147 1338 4201 correximus

212 4226 244 4278 im
263 4226 412 4282 Situ-Ber.
427 4245 457 4296 p.
477 4231 559 4295 lieo.
665 4226 697 4279 19
715 4227 869 4294 spurtitiem
887 4230 915 4282 A
1018 4231 1163 4284 extermiuo
1181 4230 1208 4284 B
