3076 4764
524 294 561 348 de
578 294 716 365 gubern.
734 294 788 349 dei
808 294 862 349 VII
881 299 896 361 5
913 294 1024 350 39-46.
1275 300 1339 366 169

210 483 333 565 putant,
357 485 387 548 in
412 485 646 549 miserationem
668 485 808 550 hostium
834 484 1003 549 deueniret.
1040 485 1071 548 et
1092 483 1149 548 hoc
1171 485 1250 550 our?
1283 485 1390 552 eur44

210 584 330 668 absque
352 586 446 652 dubio
469 587 531 652 nisi
553 588 636 669 quia,
660 592 695 652 ut
718 588 782 652 iam
805 587 885 665 diri,
908 585 956 651 illi
979 588 1033 652 deo
1056 586 1192 652 humiles
1215 606 1269 653 nos
1292 608 1338 653 re·

208 688 317 767 helles,
341 688 393 754 illi
407 690 606 756 crediderunt
620 692 655 755 in
670 710 765 756 manu
780 690 831 755 dei
848 709 914 755 esse
929 688 1094 755 uictoriam
1109 708 1164 755 nos
1186 690 1220 755 in
1242 708 1338 756 manu

208 795 317 857 nostra
339 794 436 858 immo
458 795 491 859 in
515 794 668 877 sacrilega
690 797 784 877 atque
807 794 912 876 impia,
941 793 1022 876 quod
1043 797 1091 858 est
1112 794 1200 876 peius
1223 811 1337 858 nocen-

186 896 335 978 stiusque
357 916 450 979 quam
474 901 604 965 nostra?
627 900 760 981 denique
781 899 846 981 ipse
869 915 920 962 rer
941 897 1088 976 hostium,
1112 899 1265 979 quantum
1288 915 1337 962 res

208 999 348 1081 prodidit
379 1020 415 1065 ac
436 1002 598 1085 probauit,
634 1020 729 1083 usque
758 1001 797 1065 ad
827 1000 909 1065 diem
936 1018 1059 1084 pugnae
1089 1000 1207 1066 stratus
1236 999 1337 1065 cilicio

208 1119 317 1185 preces
341 1102 436 1181 fudit,
458 1108 531 1169 anta
553 1104 672 1168 bellum
691 1105 725 1168 in
741 1103 879 1169 oratione
901 1102 997 1168 iacuit
1019 1104 1058 1168 ad
1074 1102 1193 1169 bellum
1209 1104 1247 1168 de
1269 1121 1337 1170 ora·

208 1205 294 1269 tione
316 1208 460 1271 surrexit.
507 1206 690 1289 priusquam
717 1223 854 1291 pugnam
877 1224 970 1271 manu
999 1206 1186 1288 capesseret,
1216 1206 1336 1289 suppli·

209 1305 332 1372 catione
351 1310 504 1393 pugnauit
528 1311 558 1373 et
585 1310 655 1373 ideo
670 1309 769 1374 fidens
785 1307 932 1391 processit
953 1308 993 1373 ad
1006 1327 1154 1392 pugnam,
1176 1309 1250 1392 quia
1272 1309 1336 1375 iam

172 1416 366 1476 romernerat
388 1413 423 1477 in
444 1415 583 1479 oratione
607 1413 782 1478 uictoriam.

252 1530 305 1594 Xl.
329 1533 399 1596 Non
422 1533 618 1598 dissimiliter
642 1537 747 1599 autem
770 1533 848 1599 illud
870 1534 966 1598 etiam
989 1532 1069 1615 apud
1088 1533 1272 1599 wandalos:
1296 1534 1388 1604 ades

210 1652 379 1715 quoscum
407 1636 441 1702 in
462 1637 617 1720 Hispania
645 1636 722 1703 sitos
750 1640 856 1702 nostra
885 1653 956 1718 pars
986 1639 1131 1719 pergeret
1153 1638 1336 1720 tantamque

209 1737 248 1802 ad
277 1738 476 1804 debellandos
507 1759 557 1804 eos
584 1740 847 1823 praesumptionis
878 1740 1026 1804 fiduciam
1059 1740 1154 1805 ferret
1182 1743 1336 1824 quantum

208 1841 304 1905 etiam
326 1844 464 1924 proxime
487 1845 526 1908 ad
549 1843 678 1920 Gothos,
702 1842 768 1927 pari
791 1842 951 1924 superbiae
973 1843 1057 1908 fastu
1072 1845 1140 1926 pari
1155 1844 1241 1908 exitu
1263 1863 1336 1911 con·

172 1945 344 2010 aruerunt.
391 1948 541 2028 uenitque
569 1964 661 2028 super
689 1947 858 2011 exercitum
888 1950 1031 2011 nostrum
1060 1946 1141 2012 illud
1167 1949 1335 2031 prophetae

208 2046 341 2113 dictum:
365 2049 505 2114 obruet
526 2049 709 2116 dominus
731 2049 1022 2116 confidentiam
1050 2051 1155 2115 tuam
1179 2055 1217 2115 et
1239 2052 1337 2118 nihil

207 2148 368 2217 habebis
391 2168 631 2235 prosperum.
661 2152 888 2218 confidebamus
917 2153 1001 2216 enim
1016 2152 1049 2216 in
1064 2152 1215 2236 sapientia
1231 2155 1336 2222 nostra

208 2255 240 2318 et
259 2252 444 2319 fortitudine
467 2257 574 2320 contra
596 2254 645 2320 dei
674 2255 823 2321 mandata
851 2255 998 2326 dicentis:
1027 2273 1099 2320 non
1127 2256 1335 2338 glorietur

207 2355 366 2439 sapiens
388 2359 426 2422 in
449 2359 660 2441 sapientia
682 2377 752 2423 sua
782 2378 850 2424 neo
872 2357 994 2423 fortis
1024 2358 1062 2422 in
1092 2359 1334 2425 fortitudine

173 2476 288 2537 sesua,
322 2460 387 2524 sed
416 2461 457 2524 in
487 2461 557 2525 hoc
585 2461 786 2544 glorietur
809 2462 874 2544 qui
908 2462 1128 2546 gloriatur,
1163 2464 1268 2528 scire
1298 2472 1334 2528 et

207 2580 319 2628 nosse
340 2581 412 2641 me,
435 2564 525 2645 quia
547 2583 616 2648 ego
639 2584 722 2630 sum
745 2567 933 2633 dominus.
971 2584 1032 2630 non
1054 2564 1199 2630 inmerito
1228 2565 1387 2647 itaque46

208 2665 284 2731 uicti
306 2685 433 2741 sumus;
456 2669 494 2733 ad
518 2668 646 2735 meliora
668 2673 750 2735 enim
773 2669 876 2735 soilli
899 2669 1037 2735 subsidia
1060 2668 1219 2734 contulere
1241 2687 1335 2751 quam

208 2769 313 2834 nostri.
358 2789 432 2835 nam
462 2790 533 2834 cum
564 2772 660 2836 armis
688 2790 743 2838 nos
765 2774 857 2856 atque
885 2772 1009 2837 auxiliis
1038 2771 1285 2855 superbiremus,
1316 2792 1335 2839 a

207 2873 294 2953 parte
316 2872 454 2939 hostium
478 2874 567 2938 nobis
591 2874 669 2939 liber
691 2875 814 2941 diuinae
830 2877 908 2960 legis
925 2875 1070 2942 occurrit.
1092 2878 1131 2941 ad
1150 2875 1229 2940 hano
1252 2875 1335 2941 enim

176 2975 370 3067 npraeqipuo
393 2994 482 3058 opem
506 2978 601 3040 timor
624 2980 656 3042 et
677 2980 868 3061 perturbatio
885 2981 961 3044 tunc
977 2977 1162 3044 Wandalica
1183 2978 1333 3062 confugit,

208 3081 242 3141 ut
270 3079 380 3143 seriem
409 3080 496 3143 nobis
526 3081 641 3163 eloquii
664 3083 806 3148 caelestis
835 3083 1002 3166 opponeret
1019 3085 1062 3146 'et
1089 3083 1256 3146 aduersum
1277 3100 1331 3147 ue·
1420 3086 1423 3091 '

207 3179 326 3246 cientes
342 3181 478 3246 aemulos
497 3200 567 3247 suos
584 3186 665 3249 sacri
681 3186 850 3251 uoluminis
866 3185 983 3268 scripta
997 3185 1087 3267 quasi
1103 3185 1171 3267 ipsa
1185 3187 1332 3266 quodam·

307 3367 340 3421 16
358 3367 475 3422 Hieram.
493 3371 519 3436 2,
538 3369 571 3422 37
676 3373 708 3426 18
725 3373 842 3427 Hieram.
861 3375 885 3437 9,
903 3373 937 3426 23

256 3536 270 3590 1
292 3537 345 3591 hoc
368 3539 433 3592 aur?
460 3556 506 3593 aur
527 3540 570 3593 B:
596 3539 646 3594 hoo
668 3556 714 3593 cur
736 3556 787 3595 om.
806 3541 854 3594 alt.
872 3556 918 3594 cur
936 3541 963 3594 A
1066 3542 1082 3594 8
1104 3542 1252 3609 capesceret
1275 3556 1331 3596 aaa

215 3613 238 3668 Β
253 3622 321 3678 otoo
337 3624 385 3678 ssd
403 3626 484 3680 etiam
503 3626 623 3693 A(Tto)
711 3627 743 3680 13
755 3626 893 3681 bollandos
905 3627 933 3680 B
951 3633 977 3682 et
994 3643 1015 3682 s.
1033 3643 1084 3681 scr.
1103 3627 1135 3681 de
1152 3631 1220 3683 Μ
1237 3628 1264 3681 A

215 3699 247 3754 14
265 3710 330 3773 aeus
355 3712 383 3764 A
487 3712 560 3765 fastu
586 3714 622 3766 T:
649 3713 736 3766 factus
754 3712 801 3766 sed
823 3729 908 3782 saper
925 3730 939 3766 c
956 3729 1007 3769 aar.
1025 3730 1059 3768 m.
1077 3717 1097 3769 2
1114 3731 1126 3767 s
1143 3715 1171 3767 A
1199 3716 1285 3769 fastus
1304 3716 1333 3770 B

211 3786 282 3853 (sort
301 3798 333 3852 ic
355 3798 443 3853 fastus
468 3800 533 3854 latet
555 3801 630 3853 fastu
648 3802 700 3866 et);
727 3800 870 3854 Hartclc‘cs
892 3801 1066 3869 comisator:
1093 3816 1169 3870 pares
1194 3801 1334 3870 superbiae

207 3871 302 3948 sistam
330 3883 532 3952 cfip.172,6
636 3886 668 3939 15
686 3886 830 3939 exercitum
854 3886 882 3939 B
899 3902 920 3940 s.
940 3885 957 3940 l.
1062 3887 1094 3941 18
1117 3887 1231 3941 dicentis
1248 3904 1334 3956 super·

204 3960 278 4021 icit.
302 3969 363 4039 apid
387 3986 438 4024 scr.
457 3987 471 4025 e
489 3975 560 4026 Μ
588 3972 616 4025 A
717 3973 750 4026 21
777 3988 831 4026 non
857 3973 929 4026 inme
955 3973 983 4026 A
1010 3974 1049 4028 his
1075 3973 1153 4029 tabet
1179 3974 1227 4029 aad
1253 3975 1334 4031 semel

197 4058 296 4116 punct.
401 4054 435 4108 22
463 4056 621 4111 contuleras·
642 4061 668 4125 (a
690 4061 795 4126 pocot.)
824 4073 849 4126 q.
873 4061 980 4113 nostrae
1007 4059 1034 4112 A
1136 4058 1171 4113 25
1198 4060 1333 4116 uuandala

199 4135 283 4205 quq
388 4140 422 4194 26
444 4143 547 4212 seriem]
567 4144 603 4209 cs.
621 4142 669 4197 Ao
686 4144 761 4198 Eccl.
780 4143 865 4198 1111
969 4143 1091 4198 caelestis
1114 4144 1214 4214 eloquii
1235 4147 1263 4201 B

203 4221 378 4280 aduenientes
395 4227 477 4294 quq
580 4229 612 4284 27
631 4230 689 4298 ipsa
702 4230 780 4299 quasi
798 4230 826 4283 B
