3076 4764
216 247 281 321 248
705 245 863 300 Saluiaui

219 453 286 500 esse
316 434 430 512 debita,
461 453 592 516 quorum
621 437 684 501 sint
706 436 798 516 plura
818 438 957 518 paeoata.
999 436 1080 518 quod
1102 436 1168 501 tale
1191 438 1240 502 est
1261 455 1298 502 ao
1320 437 1348 502 si

220 537 375 621 quispiam
398 539 496 604 meat:
526 539 593 605 ideo
617 558 673 624 ego
697 559 767 605 snm
789 541 949 624 innodans,
972 539 1044 624 quia
1067 541 1147 609 alius
1169 541 1269 625 magis
1292 559 1348 607 no·

221 658 294 707 oens
318 645 374 723 est,
396 642 467 708 ideo
481 660 538 725 ego
561 643 672 721 iustus,
696 644 771 726 quia
785 643 866 709 alter
881 643 1027 723 iniustus,
1050 642 1119 708 ideo
1135 661 1191 727 ogo
1207 644 1347 725 adprime

220 744 330 823 bouus,
353 746 425 829 quia
448 745 527 813 alins
550 745 750 829 singulariter
771 747 883 811 malus.
914 748 979 811 iam
1000 746 1139 830 primurn
1155 746 1240 812 anim
1260 747 1347 813 inde-

221 865 327 912 oorum
358 847 419 918 ,hoo
452 852 577 914 sanotae
611 850 711 916 menti
744 850 801 929 est,
835 850 873 914 nt
901 850 982 914 bona
1009 868 1068 916 sua
1097 869 1234 915 ormeere
1256 851 1383 916 maliss

220 951 389 1017 arbitretur
419 952 528 1018 alienis
552 955 584 1016 et
612 953 774 1018 meliorem
802 971 835 1016 sa
857 971 925 1018 asse
957 953 1103 1019 aestimet
1131 955 1349 1035 conparatione

218 1053 369 1137 peiorum.
407 1054 659 1122 infelicissimum
687 1056 771 1121 enim
800 1057 1020 1122 consolationis
1041 1075 1139 1140 genus
1161 1061 1208 1120 est
1230 1058 1267 1121 de
1290 1061 1349 1122 mi-

221 1156 312 1224 seriis
346 1157 508 1224 hominum
541 1162 742 1240 pennatorum
776 1177 886 1240 oapare
917 1160 1051 1239 solaeia,
1085 1178 1157 1224 oum
1190 1162 1349 1243 apostolus

219 1261 355 1346 gaudere
378 1280 433 1327 nos
456 1280 526 1328 oum
556 1261 764 1346 gaudentibus
793 1261 899 1328 iubeat
923 1265 954 1327 et
976 1263 1088 1328 deflere
1111 1282 1183 1328 eum
1204 1264 1350 1330 flantibus

222 1369 254 1431 et
276 1384 339 1431 non
361 1384 438 1449 quae
462 1383 518 1429 sua
540 1366 614 1430 sunt
635 1365 774 1449 singulos
797 1366 945 1449 rogitare,
970 1366 1024 1431 sed
1047 1385 1183 1448 eaquae
1206 1368 1385 1431 aliorumn

171 1468 276 1536 10sed
304 1471 369 1536 esto
397 1470 575 1537 istiusmodi
603 1471 781 1554 oonparatio
808 1469 893 1535 iusta
920 1472 1014 1552 atque
1036 1471 1168 1535 honesta
1189 1468 1350 1536 uideatur:

221 1572 374 1656 numquid
394 1573 491 1641 etiam
513 1574 576 1639 fids
598 1574 772 1639 existimari
794 1577 920 1657 potest?
943 1575 1012 1656 quis
1036 1575 1121 1639 enim
1136 1575 1174 1638 de
1191 1575 1248 1639 illo
1261 1578 1350 1638 tanto

185 1696 188 1704 ¹
222 1693 259 1741 ao
279 1681 346 1743 tam
367 1675 503 1742 terribili
525 1677 630 1742 futuro
653 1677 704 1743 dei
725 1676 841 1742 iudicio
867 1679 942 1742 satis
972 1680 1075 1742 nortus
1099 1678 1170 1741 est?
1204 1678 1259 1741 aut
1281 1676 1350 1757 quis

219 1779 324 1846 dioere
346 1781 467 1861 potest:
490 1798 548 1864 ego
569 1779 673 1845 minus
696 1779 791 1845 debeo
814 1779 867 1845 illa
884 1783 955 1862 plus
972 1782 1086 1846 debet?
1108 1781 1178 1862 quis
1193 1783 1349 1864 postremo

220 1884 261 1951 ¹de
291 1900 323 1946 se
356 1900 553 1964 praesumere
586 1886 641 1949 aul
675 1883 712 1947 de
745 1882 806 1948 alio
840 1884 1027 1965 desperare?
1064 1902 1197 1948 omnes
1230 1882 1385 1957 enim,rs

223 1986 326 2067 inquit
358 1985 525 2068 apostolus,
560 1987 752 2052 stabimus
786 1990 877 2052 ante
910 1986 1091 2052 tribunal
1118 1987 1287 2064 Christi,
1320 1987 1352 2050 et

172 2095 322 2164 llunue
354 2089 519 2171 quisque
546 2108 658 2156 suum
687 2109 782 2157 onus
811 2092 1004 2173 portabit.
1041 2092 1121 2156 nihil
1144 2108 1226 2173 erge,
1250 2088 1352 2172 inquit

218 2193 347 2277 aliquis,
380 2191 465 2257 inter
496 2196 618 2263 sanatos
651 2195 682 2259 et
714 2199 890 2277 pensatores
925 2198 995 2260 est?
1033 2194 1181 2259 multum.
1199 2193 1292 2276 plane
1321 2195 1352 2255 at

223 2317 321 2380 paene
343 2296 599 2365 inmensurabile.
629 2299 683 2363 sed
706 2301 779 2380 quia
800 2299 954 2381 scriptura
969 2299 1043 2364 dicit
1061 2292 1211 2363 ‘beatus
1234 2297 1352 2371 homo,

224 2402 289 2485 qui
312 2420 463 2483 sempor
485 2403 544 2467 est
566 2394 764 2484 pauidus',⁴
782 2406 816 2467 et
836 2421 1008 2484 numquam
1031 2404 1132 2466 eetde
1154 2401 1258 2466 salute
1279 2416 1388 2482 pro-ro

223 2504 295 2590 pria
325 2525 415 2571 mens
448 2525 559 2572 sonare
591 2507 754 2588 sapientis,
787 2507 861 2573 lieet
893 2507 1031 2572 multum
1060 2509 1143 2571 inter
1172 2505 1298 2569 sanatos
1319 2509 1353 2566 et

224 2611 400 2692 pensatores
420 2610 473 2687 sit,
496 2627 609 2693 quaero
630 2611 737 2675 umen
759 2611 801 2675 ab
817 2609 964 2675 omnibus
986 2608 1171 2692 religionem
1193 2605 1351 2690 professis,

225 2710 296 2794 quis
325 2711 386 2777 sibi
413 2714 499 2778 iuxta
527 2730 618 2778 suam
644 2712 869 2778 beneolentiam
895 2713 973 2777 satis
1002 2714 1127 2777 sanatus
1158 2711 1201 2776 sit
1223 2709 1292 2792 quis
1315 2709 1354 2773 de

222 2815 282 2883 illa
308 2815 408 2881 loturi
430 2816 578 2882 examinis
601 2816 763 2882 tremenda
790 2817 957 2881 seueritate
978 2834 1040 2880 non
1062 2814 1202 2898 trepidus
1224 2813 1293 2896 quis
1316 2813 1353 2877 de

174 2920 376 3001 12perpetue
397 2918 616 2987 ineolumitate
639 2918 789 2984 sorranus?
812 2918 943 3001 quodsi
965 2919 1074 3000 utique
1096 2935 1156 2982 non
1179 2920 1236 2998 est,
1258 2917 1390 2982 sioutiar

224 3038 327 3102 nequa
350 3039 415 3087 esse
432 3021 539 3104 debet,
564 3021 648 3086 diem
668 3021 758 3100 mibi,
782 3022 917 3100 obsecro,
949 3022 1081 3103 quilibet
1103 3021 1276 3100 hominum,
1300 3037 1355 3085 our

227 3123 388 3190 nontotis
410 3123 608 3191 substantiae
627 3143 703 3190 suae
725 3125 845 3191 uiribus
867 3126 901 3190 id
925 3125 1090 3200 adnititur,
1113 3127 1150 3188 ut
1173 3124 1223 3188 uel
1245 3124 1355 3187 mortis

228 3227 391 3294 deuotione
414 3228 552 3294 redimat
573 3229 723 3312 quidquid
746 3230 831 3294 uitae
853 3229 1018 3295 offensione
1042 3227 1219 3294 eontraxit‘l
1246 3245 1356 3309 quam·

329 3449 447 3505 8Rom.
466 3451 500 3510 12
534 3449 640 3507 Phua
746 3450 780 3506 15
802 3452 879 3507 Rom
898 3449 992 3516 14,10
1096 3449 1127 3503 11
1150 3447 1290 3514 Galat

230 3536 262 3591 19
286 3536 366 3591 Pron.
383 3537 425 3603 28,
446 3537 478 3591 14

280 3741 389 3796 talias
411 3742 443 3795 io
460 3758 515 3796 ros.
538 3743 566 3796 B
590 3749 616 3797 et
637 3743 724 3809 faisse
741 3742 854 3799 uidetur
872 3743 941 3796 alter
959 3745 1002 3810 (sot
1020 3749 1058 3799 est
1075 3743 1107 3796 ire
1124 3741 1150 3809 b)
1255 3739 1359 3794 testi·

227 3829 286 3891 met
311 3828 340 3882 B
369 3828 506 3890 adsumet
530 3829 663 3891 Halmius
784 3829 800 3883 l
830 3828 1023 3885 oonsuletionis
1045 3830 1078 3898 ’4
1103 3833 1132 3883 et
1151 3843 1192 3883 m.
1218 3832 1234 3882 1
1263 3825 1296 3878 B..

229 3913 332 3971 9flore
350 3914 393 3970 ed.
411 3916 547 3977 amasos
564 3921 637 3984 (eum
653 3919 692 3984 b).
788 3918 821 3974 15
842 3916 978 3985 dispens
997 3915 1054 3971 AB
1158 3914 1191 3970 16
1205 3912 1309 3982 :inquid
1332 3911 1361 3969 B

232 4000 412 4070 libeurit
492 4001 803 4066 *insolentiores
845 4001 1049 4059 musam
1105 3998 1359 4064 *aasumensi

230 4088 398 4231 &31⁸⁸de
419 4091 642 4158 &despondisset
658 4106 692 4147 os.
711 4093 732 4146 2
749 4089 854 4146 additio
868 4088 919 4145 B·
951 4127 956 4133 -
999 4089 1033 4143 28
1056 4085 1309 4158 quioquid-sonora
1326 4099 1360 4140 ere

229 4174 344 4246 quiqui
380 4178 408 4230 A
466 4217 469 4220 .
497 4223 514 4239 .,
812 4222 814 4229 .
