3076 4764
222 283 286 352 278
708 279 868 334 Saluiani

223 473 420 556 inreligiosae
444 471 557 535 mentis
578 470 757 554 ingenium!
787 471 908 535 inuenit
930 488 989 552 quo
1012 471 1171 535 uideretur
1193 470 1267 535 111110
1290 476 1354 540 suis

223 577 340 642 maiore
375 592 450 657 erga
482 575 574 638 deum
609 590 666 637 sua
697 574 848 654 inpietate
882 573 1051 638 consulere.
1095 574 1169 640 fecit
1202 575 1286 640 enim
1318 578 1355 641 ut

224 681 331 745 sancta
364 677 487 743 suboles
519 695 613 741 usum
645 695 749 741 rerum
783 676 899 742 habens
932 677 981 741 ias
1011 696 1117 742 rerum
1145 694 1206 741 non
1235 678 1353 745 habens

224 784 312 865 quasi
339 781 476 863 locuples
505 779 632 861 quidem
659 780 789 859 uiueret,
819 780 873 845 ssd
896 780 985 862 quasi
1008 781 1148 846 mendica
1170 786 1352 866 moreretur,

223 904 260 951 ac
283 886 329 950 sic
343 884 475 950 testator
490 882 725 948 infidelissimus
743 884 839 964 plena
853 883 891 948 de
905 884 963 950 hoc
986 887 1101 950 mundo
1117 888 1220 965 posset
1235 885 1352 951 securi·
1375 908 1388 949 0

223 990 288 1053 tate
311 986 479 1064 discedere,
507 1004 579 1050 eum
601 985 695 1050 sciret
717 987 754 1050 de
776 1003 831 1050 suo
853 989 892 1051 ad
915 987 1010 1051 deum
1038 987 1163 1070 penitus
1190 989 1353 1069 peruenire

223 1091 270 1156 nil
297 1108 396 1173 posse.
436 1088 579 1172 quamuis
607 1088 640 1152 in
667 1089 726 1154 hoo
754 1092 831 1170 ipso,
854 1092 934 1170 quod
965 1089 1155 1172 supradixi,
1184 1110 1239 1173 per
1260 1109 1353 1156 usum

222 1213 329 1260 rerum
357 1194 497 1275 aliquam
525 1191 608 1258 filios
629 1192 792 1276 religiosos
815 1212 908 1275 opum
931 1195 1102 1277 imaginem
1125 1194 1289 1277 possidere,
1314 1214 1353 1259 ue

222 1298 280 1362 hoo
308 1296 350 1361 sit
379 1296 519 1380 quidem,
549 1298 621 1380 quia
650 1298 709 1361 etsi
737 1315 812 1361 usus
840 1297 965 1362 uidetur
988 1296 1107 1379 aliquid
1128 1297 1249 1375 habere,
1278 1315 1353 1362 con·

222 1401 351 1467 scientia
381 1404 488 1466 tamon
521 1418 583 1465 non
619 1401 725 1478 habot;
760 1419 851 1466 nemo
883 1402 966 1465 enim
995 1400 1101 1483 potest
1130 1419 1162 1465 se
1188 1400 1240 1465 uel
1263 1400 1351 1467 breui
1360 1428 1387 1468 ro

222 1504 354 1569 diuitem
378 1504 510 1581 credere,
535 1504 589 1586 qui
612 1505 674 1569 scit
696 1524 729 1570 so
751 1505 910 1587 proprium
934 1505 979 1568 nil
1001 1504 1124 1569 habere.

170 1626 211 1690 31
265 1625 336 1689 VII.
368 1621 448 1701 Quid
478 1623 555 1708 agis,
586 1626 762 1689 miserrima
791 1623 961 1689 infidelitas
984 1626 1016 1688 01
1038 1625 1217 1707 paganicae,
1246 1627 1283 1690 ut
1304 1627 1351 1690 ita

222 1727 363 1808 dixerim,
394 1725 645 1810 inreligiositatis
676 1729 783 1792 orror?
816 1728 900 1794 itane
922 1729 1047 1791 tantum
1070 1728 1165 1793 odisti
1187 1729 1289 1807 deum,
1313 1731 1350 1793 ut

222 1831 321 1912 possis
344 1830 440 1894 stiam
458 1828 538 1894 filios
554 1833 624 1895 tuos
640 1829 679 1894 ob
696 1831 754 1894 hoo
769 1832 905 1908 tantum,
929 1833 1003 1913 quia
1017 1834 1056 1895 ad
1073 1832 1165 1895 deum
1181 1831 1348 1914 pertinent,

222 1953 284 2000 non
299 1937 430 2001 amare?
445 1936 573 2000 meliore
589 1936 671 1999 enim
687 1935 863 2000 condicione
875 1930 1004 2018 'quidam
1022 1935 1203 2018 relinquant
1217 1934 1349 2000 libertos
1360 1959 1386 1999 rs

222 2056 294 2104 suos
318 2058 411 2121 quam
434 2041 470 2104 tu
492 2040 639 2122 relinquis
663 2039 743 2104 filios
766 2041 848 2105 tuos.
882 2042 913 2104 in
938 2057 996 2104 usu
1019 2040 1172 2121 siquidem
1196 2038 1349 2104 cotidiano

222 2147 269 2207 est
291 2144 327 2207 ut
349 2145 443 2221 serui,
474 2146 531 2209 etsi
560 2162 622 2208 non
650 2144 786 2226 optimas
816 2145 900 2208 certe
923 2160 984 2207 non
1006 2141 1155 2224 inprobae
1177 2144 1348 2225 seruitutis,

221 2246 361 2312 Romana
384 2266 403 2312 a
425 2248 558 2313 dominis
582 2248 726 2313 libertate
747 2249 912 2326 donentur,
941 2247 975 2311 in
998 2265 1059 2330 qua
1080 2247 1204 2311 scilicet
1226 2251 1257 2311 et
1279 2264 1350 2330 pro-

222 2353 390 2431 prietatem
412 2352 527 2433 peoulii
550 2353 679 2434 capiunt
694 2357 732 2439 01
753 2353 801 2417 ius
815 2353 1090 2417 testamentarium
1107 2353 1349 2433 consequuntur,

222 2456 266 2519 ita
288 2456 326 2518 ut
348 2457 380 2520 et
402 2458 543 2521 uiuentes
573 2457 625 2520 oui
653 2456 765 2521 uolunt
795 2474 843 2521 ros
872 2475 944 2519 snas
972 2454 1099 2519 tradant
1128 2458 1159 2518 et
1181 2453 1386 2520 morientesao

221 2559 385 2624 donatione
414 2560 640 2625 transcribant:
670 2579 727 2625 nec
760 2558 861 2624 solum
892 2559 961 2643 hoo,
990 2559 1044 2622 sed
1067 2562 1099 2622 et
1121 2558 1188 2634 illa,
1216 2574 1294 2638 quae
1316 2558 1350 2621 in

222 2662 375 2726 seruitute
398 2663 490 2743 positi
514 2663 755 2744 conquisierant,
779 2680 816 2727 ex
837 2663 1032 2727 dominorum
1049 2661 1140 2725 domo
1155 2659 1265 2724 tollere
1287 2677 1349 2723 non

222 2767 380 2829 uetantur.
424 2768 547 2830 tantum
578 2767 622 2830 eis
651 2765 811 2830 interdum
841 2766 943 2848 gratia
971 2765 1121 2847 patronae
1150 2762 1350 2828 liberalitatis

222 2868 361 2949 inpertit,
388 2873 423 2932 ut
446 2870 541 2932 etiam
563 2869 625 2932 iuri
647 2887 703 2933 suo
727 2868 873 2934 detrahat
902 2872 981 2952 quod
1005 2869 1190 2933 libertorum
1214 2864 1350 2931 dominio

170 2962 383 3053 32largiatur.
418 2971 543 3052 quanto,
567 2989 584 3035 o
601 2974 739 3056 quisquis
762 2973 816 3038 ille
832 2991 865 3038 os
880 2971 1097 3036 infidelissime
1112 2971 1209 3053 pater,
1233 2974 1385 3051 quantoss

223 3074 342 3138 domini
371 3073 419 3139 illi
447 3075 560 3140 melius
585 3094 656 3139 oum
684 3075 808 3142 libertis
831 3076 931 3160 agunt
954 3093 1048 3156 quam
1070 3075 1107 3138 tu
1130 3093 1201 3139 oum
1225 3071 1349 3137 liberis!

222 3175 271 3241 illi
294 3196 371 3259 quae
394 3178 510 3244 donant
532 3182 680 3262 perpetuo
698 3178 766 3245 iure
780 3181 897 3244 donant
912 3180 949 3244 tu
964 3179 1166 3260 temporarios
1189 3178 1238 3242 1111
1253 3178 1349 3242 testa·

274 3436 287 3488 1
307 3435 480 3503 inreligiosae
497 3452 518 3488 s.
537 3452 555 3488 n
573 3451 623 3490 000.
642 3453 655 3488 r
673 3440 738 3490 oa2
756 3437 783 3490 Β
882 3435 988 3489 uidetur
1008 3435 1035 3488 Β
1129 3435 1266 3488 uideretur
1283 3434 1350 3487 filiis

222 3522 278 3576 suis
296 3523 324 3577 A
342 3523 425 3592 (qood
440 3523 516 3593 sopit
534 3524 694 3590 Halmium),
723 3524 787 3578 filiis
804 3523 860 3585 suis
879 3523 933 3578 uid.
952 3524 980 3577 Β
1081 3521 1223 3577 30010100
1241 3538 1275 3577 ceo
1291 3521 1350 3576 sub.

221 3622 291 3663 0000.
309 3611 382 3662 012
406 3609 434 3662 A
463 3608 566 3664 soboles
590 3610 618 3663 Β
719 3611 738 3663 4
762 3610 840 3678 qnasi
857 3612 934 3677 (post
952 3610 1009 3673 sed)
1027 3624 1049 3663 0.
1067 3609 1085 3663 1.
1103 3608 1166 3663 odd.
1184 3625 1219 3662 m.
1237 3612 1253 3662 1
1270 3608 1352 3662 0012

221 3695 249 3749 A
334 3696 457 3763 5posset
474 3696 583 3764 scripsi:
609 3695 695 3764 possit
713 3695 903 3750 ABHolms'us
989 3694 1233 3749 beonsoientiaea
1245 3694 1351 3749 conscia

221 3797 289 3835 0000.
309 3785 374 3836 012
390 3782 418 3836 A
510 3781 543 3835 13
560 3781 662 3849 irrelig.
681 3798 715 3836 eac
732 3781 840 3850 inrelig.
858 3796 928 3835 corr.
945 3785 1010 3835 012
1028 3781 1056 3834 Β
1148 3782 1181 3836 15
1198 3779 1351 3834 mndieionc

221 3867 531 3922 000000111000000000
543 3883 613 3922 0000.
626 3870 653 3922 A
741 3868 774 3922 16
791 3867 933 3938 siquidem]
947 3867 1052 3936 quidem
1067 3868 1094 3921 Β
1181 3867 1213 3921 17
1233 3866 1351 3920 obtimae

222 3955 250 4009 Β
276 3954 376 4022 optime
393 3970 427 4008 000
445 3954 545 4022 optimc,
564 3957 605 4021 (001
621 3955 716 4008 statim
732 3953 843 4022 inprobo
861 3970 895 4008 cco
912 3954 1032 4022 inprobe)
1052 3969 1154 4006 rasura
1165 3968 1235 4007 corr.
1254 3952 1282 4005 A

220 4040 255 4094 21
272 4041 468 4095 transscribant
485 4041 513 4094 Β
599 4041 633 4096 25
650 4039 850 4104 infidelissimae
866 4040 894 4094 A
980 4041 1014 4094 26
1031 4042 1063 4093 10
1076 4055 1125 4093 con
1142 4037 1236 4092 liberis
1254 4038 1282 4091 B

220 4126 254 4179 27
273 4126 368 4193 illique
385 4141 405 4178 a.
418 4141 470 4179 scr.
482 4128 549 4179 m.2
567 4126 637 4194 quod
655 4125 683 4178 R
776 4125 935 4194 temporario
954 4141 988 4179 aa
1008 4123 1060 4178 -ria
1079 4140 1151 4179 0000.
1168 4126 1236 4178 012
1253 4123 1281 4176 Β

220 4213 378 4266 testamenti
396 4227 430 4265 000
449 4213 491 4264 -10
511 4216 536 4265 et
554 4212 649 4265 statim
666 4211 774 4266 libertis
792 4227 826 4265 aa
843 4211 979 4266 libertatis
997 4227 1069 4267 0000.
1084 4228 1120 4266 m.
1138 4213 1158 4264 2
1176 4210 1204 4263 B
