3076 4764
525 284 562 339 de
580 285 718 353 gubern.
737 283 788 339 dei
811 283 865 340 VII
884 284 1027 351 133-39.
1278 288 1338 354 167

211 477 338 543 nostrae
359 476 559 561 condicionis,
587 478 624 541 ut
646 476 675 542 ei
698 476 768 558 quis
790 475 823 541 in
847 476 1008 558 acceptum
1032 474 1191 558 quippiam
1213 475 1338 552 referat,

212 581 262 646 cui
285 580 323 646 de
346 579 437 646 donis
459 582 524 645 suia
547 597 670 647 summa
692 579 886 644 detraxerit?
921 579 966 643 ita
988 580 1020 642 et
1042 597 1098 643 nos
1120 577 1195 642 licet
1224 579 1281 643 deo
1304 577 1388 643 1631

210 682 296 748 nullo
317 683 412 765 digne
433 685 551 767 gratias
567 701 706 768 agamus,
728 701 840 766 parum
862 685 968 746 tamen
989 681 1056 746 erat
1077 681 1105 745 si
1128 698 1183 763 pro
1205 680 1252 745 his
1268 682 1339 746 tan·

209 787 370 853 tummodo
401 787 484 870 grati
513 806 580 853 esse
604 788 772 862 deflemus,
805 806 884 868 quae
912 786 1000 852 nobis
1023 787 1063 852 ad
1090 802 1183 851 nsum
1211 784 1339 850 uiuendi

189 891 306 970 adedit,
343 891 394 957 cui
423 891 504 956 hanc
531 893 667 974 gratiam
689 892 847 969 tollimus,
877 892 959 972 quod
988 910 1042 956 nos
1066 893 1098 955 et
1126 889 1161 953 in
1183 887 1339 969 angustiis

208 993 298 1059 iuuat
320 995 353 1058 at
373 995 406 1059 in
429 992 577 1075 periculis
600 992 713 1060 liberat
736 996 769 1058 et
791 995 823 1058 in
844 992 946 1058 medio
970 994 1173 1060 barbararum
1196 992 1337 1079 gentium

208 1097 283 1161 sitos
310 1095 379 1178 iugi
408 1098 600 1178 protectione
630 1098 802 1163 conseruat.
843 1104 876 1162 at
906 1116 968 1162 non
996 1100 1041 1162 ita
1070 1095 1164 1161 Gothi
1199 1114 1260 1160 non
1291 1097 1337 1161 ita
1347 1095 1388 1161 38

208 1199 365 1277 winedi,
389 1198 481 1266 malis
503 1201 576 1265 licet
592 1200 771 1266 doctoribus
785 1201 938 1279 instituti,
961 1201 1104 1265 meliores
1120 1200 1225 1265 tamen
1241 1199 1337 1263 etiam

206 1303 240 1367 in
264 1303 323 1368 hac
344 1306 433 1384 parte
456 1322 549 1384 quam
570 1305 678 1369 nostri.
717 1305 830 1370 offendi
854 1304 998 1386 quamuis
1026 1305 1174 1385 quosdam
1198 1303 1338 1385 suspicer

176 1405 257 1471 16116
279 1425 357 1488 quae
382 1406 524 1473 dicimus.
555 1411 608 1473 sed
631 1409 703 1489 quia
725 1410 840 1472 ueritas
864 1407 963 1489 magis
986 1426 1080 1488 quam
1103 1406 1230 1471 offensio
1254 1407 1337 1488 cogi·

207 1509 303 1574 tanda
337 1510 401 1593 est,
436 1510 539 1575 dicam
568 1513 601 1575 et
629 1529 720 1592 saepe
750 1511 867 1575 dicam:
901 1529 962 1574 non
995 1511 1042 1574 ita
1069 1509 1164 1575 Gothi
1197 1528 1258 1574 non
1292 1510 1338 1575 ita

207 1609 371 1676 wandali:
394 1613 449 1694 qui
471 1616 503 1676 ct
525 1614 558 1677 in
581 1612 758 1679 discrimine
780 1612 873 1696 positi
896 1631 985 1696 opem
1007 1632 1026 1676 a
1049 1615 1105 1679 deo
1120 1615 1281 1697 postulant
1304 1615 1337 1680 et

207 1717 427 1798 prosperitates
443 1735 515 1781 sues
531 1736 646 1782 munus
663 1718 840 1783 diuinitatis
857 1718 1025 1800 appellant.
1045 1718 1176 1800 denique
1192 1716 1336 1800 probauit
1346 1711 1387 1777 39

209 1818 267 1884 hoc
289 1820 371 1885 bello
395 1821 534 1902 proximo
557 1821 727 1887 infelicitas
750 1822 867 1887 nostra.
896 1842 968 1887 cum
992 1822 1074 1886 enim
1091 1821 1188 1889 Gothi
1218 1824 1336 1886 metue·

175 1924 277 1987 urent
305 1941 574 2005 praesumeremus
603 1943 659 1989 nos
687 1923 720 1988 in
743 1922 861 1990 chunis
885 1944 971 2007 spem
995 1942 1107 2007 ponere
1131 1925 1179 1989 illi
1207 1925 1241 1989 in
1270 1925 1336 2002 deo,

206 2042 278 2090 cum
300 2044 359 2108 pax
381 2029 420 2094 ab
442 2027 507 2091 illis
529 2029 741 2109 postularetur
764 2048 782 2093 a
804 2029 894 2093 nobis
916 2035 1092 2112 negaretur,
1115 2028 1164 2094 illi
1179 2029 1335 2110 episcopos

206 2127 370 2192 mitterent
392 2147 446 2194 nos
468 2131 725 2213 appelleremus,
749 2131 798 2195 illi
821 2135 916 2197 etiam
938 2132 972 2195 in
995 2134 1103 2198 alienis
1126 2133 1335 2199 sacerdotibus

206 2229 300 2296 deum
322 2231 509 2298 honorarent
531 2252 587 2299 nos
610 2236 706 2298 etiam
728 2238 759 2298 in
789 2237 904 2300 nostris
927 2238 1211 2311 contemneremus,
1242 2237 1335 2316 prout

205 2334 296 2401 actus
318 2335 481 2417 utriusque
504 2337 601 2418 partis
629 2338 674 2402 ita
697 2340 728 2401 et
749 2357 855 2403 rerum
878 2340 1030 2404 terminus
1060 2339 1129 2404 fuit.
1174 2338 1238 2403 illis
1262 2339 1335 2406 data

172 2438 253 2503 aest
275 2436 308 2503 in
330 2457 454 2505 summo
470 2440 581 2504 timore
595 2440 701 2522 palma
723 2441 812 2506 nobis
828 2443 862 2505 in
878 2462 1002 2507 summa
1025 2441 1157 2507 elatione
1179 2441 1333 2507 confusio:

204 2541 240 2604 ut
268 2559 341 2606 uere
369 2543 402 2608 et
430 2545 461 2606 iu
490 2544 578 2608 nobis
608 2544 682 2608 tunc
706 2545 738 2609 61
759 2546 792 2608 in
818 2545 884 2609 illis
914 2545 1074 2609 euidenter
1103 2544 1267 2627 probatum
1291 2546 1335 2610 sit

203 2641 282 2709 illud
305 2644 423 2710 domini
444 2646 544 2711 nostri
567 2646 705 2712 dictum:
734 2649 917 2729 quoniam
942 2650 1007 2730 qui
1027 2667 1067 2714 se
1089 2649 1242 2714 exaltat
1264 2647 1333 2712 hu·

306 2847 341 2902 22
364 2847 428 2906 Luc
448 2849 488 2914 14,
508 2851 539 2904 11

254 3021 269 3072 1
295 3020 323 3072 in
351 3022 498 3091 acceptum]
526 3022 662 3091 inceptum
690 3023 718 3077 Β
819 3023 836 3076 2
863 3023 1013 3078 detraxerat
1039 3024 1067 3078 A
1084 3024 1132 3079 sed
1150 3039 1166 3078 a
1182 3025 1333 3094 posteriora

200 3110 296 3174 pumat.
320 3111 347 3160 61
369 3122 390 3161 s.
408 3121 460 3160 661.
483 3108 493 3160 1
516 3110 589 3164 aad
692 3109 709 3163 3
734 3108 808 3163 nulio
831 3109 859 3163 Β
883 3110 1071 3165 resarcitio
1175 3112 1281 3180 agimus
1305 3112 1333 3166 A

201 3188 249 3244 sed
270 3197 369 3259 66661.
392 3193 495 3247 1616.
518 3208 570 3248 scr.
595 3197 669 3249 aad
691 3210 707 3248 a
818 3196 862 3249 his
889 3213 994 3250 summa
1020 3199 1208 3251 tantummodo
1235 3198 1263 3252 B

202 3274 360 3331 4661161166
372 3294 406 3331 aar
418 3278 544 3333 uellimna
556 3282 584 3333 A
596 3295 666 3336 6611.
678 3285 745 3336 rad
842 3281 914 3336 5661
927 3283 996 3338 AB:
1019 3299 1065 3337 our
1079 3284 1105 3337 Τ
1108 3289 1120 3338 1
1131 3285 1263 3338 Hatraa'as

201 3359 218 3417 6
234 3361 398 3430 impericulis
416 3364 444 3416 A
540 3367 568 3418 et
585 3367 672 3421 medio
690 3367 718 3423 B
735 3373 800 3422 aa1
897 3369 1071 3423 barbararum
1089 3384 1123 3423 scr
1140 3368 1285 3423 barbarum
1302 3371 1330 3440 A

201 3460 269 3500 6611.
282 3451 359 3503 6621
379 3447 667 3507 barbarorumBra.1
765 3454 832 3509 iad
849 3458 1036 3510 s.scr.tra.2
1054 3456 1081 3509 A
1179 3456 1330 3509 8doctori-

200 3529 249 3584 bus
267 3533 331 3587 licet
349 3535 473 3590 instituti
490 3539 518 3590 A
535 3538 583 3593 sed
600 3539 708 3594 adtacta
720 3545 784 3594 saat
796 3542 1021 3611 transpositionis
1034 3543 1114 3611 sipara
1217 3541 1233 3595 9
1251 3557 1330 3609 qnam

200 3617 228 3671 Β
243 3621 302 3674 al.
367 3628 369 3633 '
405 3623 436 3677 11
462 3623 713 3690 dicamet(nons.
733 3626 761 3691 1.)
786 3627 813 3680 Β
916 3627 950 3680 12
973 3644 1049 3696 opem
1067 3628 1092 3696 a]
1110 3627 1212 3697 optima
1233 3629 1260 3680 A

201 3701 233 3756 13
251 3707 377 3774 probabit
394 3725 479 3777 saper
496 3709 513 3763 b
527 3716 629 3778 poster.
648 3727 700 3766 661.
718 3729 736 3765 n
753 3730 788 3767 m.
807 3717 824 3766 2
841 3715 869 3766 A
975 3715 1008 3767 14
1025 3717 1174 3768 metuerent
1193 3730 1226 3769 661
1243 3718 1329 3769 metu·

200 3793 272 3847 erint
299 3794 328 3847 A
354 3809 425 3849 6611.
453 3811 486 3847 m.
504 3799 535 3849 2:
565 3797 713 3850 metueriat
740 3799 767 3851 Β
871 3801 904 3855 15
930 3814 1158 3868 praesumeremus
1186 3800 1329 3855 Haimiaa:

199 3880 392 3947 praesumimus
409 3895 430 3933 6.
444 3881 516 3935 1661.
531 3881 579 3934 aba
591 3898 626 3936 m.
639 3899 693 3937 rec.
713 3884 741 3936 A
767 3885 993 3953 praesumpsimus
1011 3885 1038 3938 B
1137 3885 1217 3939 hunis
1232 3887 1261 3940 Β

199 3965 232 4019 16
254 3981 315 4019 cnm
334 3966 361 4018 A
378 3981 412 4019 m.
430 3967 496 4019 116
514 3983 608 4036 16616..
634 3984 683 4024 ora.
706 3969 733 4022 B
837 3970 870 4024 ab
887 3971 915 4024 Β
933 3987 953 4024 6.
972 3971 989 4024 1.
1094 3974 1126 4027 11
1148 3973 1240 4042 etiam]
1259 3974 1330 4026 euim

198 4048 226 4102 Β
329 4052 362 4105 18
385 4055 620 4108 contemneremus.
650 4054 737 4109 Prout
759 4061 824 4109 66116
849 4057 991 4111 Halmium
1013 4058 1263 4129 iatarpaapstatar

198 4134 232 4188 19
249 4136 336 4205 partis
353 4153 388 4192 aa
404 4143 493 4207 partes
512 4141 540 4193 A
558 4155 627 4194 corr.
644 4144 712 4195 aa2
808 4142 866 4196 iliis
886 4144 913 4197 B
931 4160 1001 4199 6611.
1022 4159 1056 4198 aa
1072 4144 1113 4198 ita
1215 4145 1249 4200 22
1267 4161 1331 4215 quo·

198 4220 280 4291 niam]
299 4224 363 4292 quia
381 4225 468 4278 omnis
486 4225 690 4281 Rittersdaetas
707 4243 768 4280 cam
789 4227 912 4299 Valpota
