3076 4764
529 279 568 335 ad
587 278 763 334 ecclesiam
785 275 847 332 1111
868 275 1050 341 §44250w
1274 276 1338 345 315

203 471 358 558 gaudii,
394 474 460 538 sod
475 476 478 482 ’
495 467 697 536 macroris.
734 467 813 533 dura
844 466 921 533 haee
949 468 984 531 et
1004 469 1136 546 ,austera
1152 469 1261 532 :sunt
1281 469 1337 534 sed

207 578 281 661 quid
312 572 568 642 salmurum
597 573 671 638 licet
692 571 941 636 rerummuture
964 572 1103 647 naturas,
1127 571 1158 633 et
1182 572 1338 638 enuntiari

205 680 306 745 aliter·
319 679 437 744 ueritas
460 697 524 743 non.
544 678 662 760 potest..
679 693 774 758 quam
796 674 850 739 1111Ι
867 674 944 756 ipse.¹
958 671 1230 756 anigitueritatis.
1259 673 1338 741 dura

204 783 284 847 liaeo
307 782 434 864 quidam
455 780 585 864 putant:
610 779 674 844 scio
697 784 728 843 st
751 779 830 843 satis
852 776 955 842 cortus
977 793 1073 844 sum..
1089 775 1143 840 sed
1160 776 1240 859 quid
1258 775 1336 843 faoi·

185 887 301 950 umus?
334 884 395 950 nisi
425 883 697 949 duris‘uouitur
719 881 759 946 ad
781 899 929 966 regnum·
961 880 1049 944 arta
1082 879 1200 956 enim,
1234 879 1337 963 inquit

204 989 362 1068 dominus,
397 988 436 1052 ot
454 985 631 1071 augusta
659 984 723 1050 uia
745 984 847 1066 est„
864 999 967 1065 quae
994 982 1178 1049 dubita-d
1201 984 1338 1049 uitam.

207 1095 239 1157 et
274 1091 432 1173 apostolus
471 1088 676 1168 existimo,
710 1085 824 1169 inquit,
859 1086 959 1170 quod
991 1084 1180 1150 nousint
1210 1086 1338 1152 condi-

206 1214 303 1280 gnae
325 1192 663 1278 passiones-huius
682 1191 874 1273 temporis
889 1191 935 1254 ad
950 1188 1131 1269 intutam
1147 1189 1336 1276 gloriam,

203 1316 305 1380 quae
340 1293 593 1362 reuelabitur
626 1293 817 1363 innubis.
854 1291 1182 1374 indignum-esseut
1212 1293 1337 1360 futurae

172 1400 323 1483 regloriae
358 1399 608 1481 conparationem
642 1415 733 1462 omne
748 1402 844 1478 lopus
878 1394 955 1461 dicit
987 1395 1169 1460 humanum.
1199 1397 1389 1477 1111111148

208 1501 287 1566 nihil
303 1502 416 1566 durum
433 1501 488 1566 aut
503 1501 663 1566 numerum
680 1496 868 1565 Christianis
884 1497 1102 1579 uiderioobet,
1118 1500 1337 1583 quiaquantu-

208 1602 286 1667 libet
308 1622 364 1687 pro
387 1603 576 1685 sempiterna
597 1601 790 1667 beatitudine
806 1588 928 1665 Christo
945 1600 1087 1683 offerant,
1109 1601 1175 1666 uile
1193 1603 1338 1686 estquod

208 1707 312 1786 datur,
344 1707 400 1772 ubi
427 1707 494 1771 tam
517 1706 634 1790 grande
658 1706 807 1786 estquod
831 1703 991 1786 accipitur.
1031 1704 1111 1769 nihil
1133 1724 1283 1790 magnum
1305 1708 1338 1773 in
1432 1731 1434 1736 ·

207 1811 300 1875 terris
323 1809 362 1875 ab
384 1810 507 1876 homine
530 1812 586 1889 deo
608 1807 833 1903 soluiturpubi
856 1808 937 1891 quod
953 1808 1001 1873 est
1016 1807 1049 1872 in
1066 1809 1150 1874 caelo
1166 1809 1338 1876 maximum

172 1900 413 1996 aucuparetur.
437 1900 622 1996 durum‘ost
641 1900 747 1996 auaris
763 1915 799 1976 ut
822 1912 997 1997 largiantur
1011 1898 1080 1977 sua.
1110 1910 1339 1998 quill-mirum?

201 2018 313 2082 totum
345 2018 457 2082 durum
492 2018 547 2081 ost.
572 2014 726 2097 quicquic
743 2014 930 2098 ‚imperatur
962 2013 1080 2080 inuitis.
1094 2032 1217 2097 :paone
1238 2016 1338 2083 omnis
1346 2016 1389 2083 49

199 2136 309 2183 sermo
332 2117 458 2183 diuinus
479 2117 574 2182 habet
597 2118 837 2182 aemulossuoe.
852 2119 944 2196 :quot
962 2133 1086 2198 genera:
1102 2120 1338 2200 praeoeptorum

208 2219 281 2283 sunt
304 2220 353 2284 tot
374 2217 638 2284 adremariorum.
664 2219 691 2282 si
712 2217 896 2301 largitatem
918 2235 982 2282 esse
997 2218 1031 2281 11
1053 2218 1236 2285 hominibus
1252 2219 1339 2286 iubet

209 2321 364 2406 dominus,
398 2338 511 2386 auarus
543 2321 704 2386 irascitur:
740 2320 767 2384 si
792 2320 1016 2403 parsimoniam
1050 2320 1156 2406 exigit,
1190 2324 1338 2409 prodigus

173 2432 377 2494 monocrator.
415 2441 572 2489 sermones
600 2441 703 2489 sacros
730 2423 852 2504 inprobi
874 2422 981 2488 hostes
1004 2441 1076 2488 suos
1101 2424 1228 2490 ducunt.
1266 2425 1337 2491 hor-

208 2528 278 2592 rent
310 2527 451 2608 raptores
486 2526 637 2609 quidquid
667 2526 705 2591 de
734 2526 858 2592 iustitia
887 2526 1032 2591 scribitur
1062 2526 1190 2593 horrent
1212 2529 1338 2611 superbi

210 2631 359 2715 quidquid
394 2632 430 2696 de
464 2630 647 2695 humilitate
680 2629 864 2708 mandatur,
899 2628 1103 2695 aduersantur
1137 2630 1251 2698 ebriosi
1284 2632 1339 2699 ubi

152 2738 153 2741 ’
210 2734 360 2801 sobrietas
382 2733 534 2799 indicitur
557 2732 754 2798 detestantur
780 2731 920 2814 inpudici
942 2731 998 2796 ubi
1021 2733 1148 2799 castitas
1170 2737 1338 2818 inperetur.

210 2840 265 2902 aut
287 2837 369 2902 nihil
397 2854 467 2921 orgo
491 2836 655 2901 dicendum
679 2839 727 2900 est
749 2839 803 2901 aut
826 2834 977 2919 quidquid
1000 2837 1120 2902 dictum
1148 2838 1244 2904 fucrit
1273 2840 1339 2904 oui·

175 2956 344 3022 rusumque
366 2937 616 3022 supradictorum
644 2937 807 3003 homiuum
829 2936 1016 3019 displicebit.
1055 2941 1179 3005 mauult
1208 2940 1340 3025 quilibet

210 3040 358 3126 inprobus
391 3041 526 3107 execrari
562 3043 665 3125 legem
699 3058 793 3123 quam
827 3042 990 3107 emendare
1024 3045 1177 3124 montem,
1215 3044 1340 3111 mauult

211 3145 379 3227 praecepta
409 3142 508 3209 odisse
537 3162 631 3226 quam
661 3142 749 3210 uitia.
787 3143 871 3209 inter
899 3144 975 3210 haec
1005 3145 1081 3228 quid
1109 3149 1206 3230 agant
1227 3147 1391 3230 quibusbo

210 3245 359 3329 loquendi
374 3263 393 3310 a
407 3243 531 3311 Christo
547 3245 648 3312 officia
669 3247 879 3312 mandantur?
901 3247 956 3313 deo
975 3247 1150 3334 displicent,
1174 3251 1200 3314 si
1222 3250 1339 3335 tacent,

211 3347 400 3426 hominibus,
423 3347 451 3412 si
465 3348 645 3430 loquuntur.
676 3347 741 3428 sed,
765 3352 801 3414 ut
816 3349 939 3415 Iudaeis
956 3351 1089 3432 apostoli
1102 3352 1337 3434 responderunt,

174 3453 335 3535 reexpedit
357 3452 459 3534 magis
482 3452 538 3517 deo
562 3448 706 3518 oboedire
729 3469 823 3533 quam
845 3450 1034 3518 hominibus.
1074 3453 1113 3517 do
1136 3456 1242 3519 tamen
1267 3471 1339 3519 con·

310 3623 445 3678 511111.
466 3624 489 3689 1,
511 3624 544 3679 14
646 3623 755 3678 raom.
775 3624 801 3692 e,
820 3623 853 3679 re
957 3623 990 3678 ue
1008 3625 1102 3679 1115

261 3777 415 3833 lmeroris
442 3778 468 3831 Β
572 3779 752 3834 ‘denuntiari
775 3795 809 3835 eor
832 3795 873 3833 -re
890 3794 962 3835 corr.
981 3781 1055 3834 oa2
1082 3780 1110 3835 Β
1211 3780 1340 3850 bigitur

204 3867 304 3932 pocot.
332 3863 363 3933 ig
388 3863 417 3918 Β
520 3864 614 3934 lique
639 3866 668 3921 Δ
771 3865 906 3935 linquit
932 3881 966 3920 cc
992 3865 1087 3935 inquid
1114 3865 1154 3920 bie
1180 3881 1251 3922 corr.
1270 3869 1341 3922 m.2

207 3949 236 4004 Β
340 3952 405 4005 sunt
430 3949 472 4004 ed.
496 3948 631 4005 Betucius
733 3951 905 4021 Sparsionis
928 3952 956 4005 A
982 3951 1117 4021 passiones
1142 3968 1176 4008 eor
1194 3954 1252 4006 -uis
1270 3968 1340 4011 corr.

207 4047 241 4087 m.
260 4034 324 4089 213
429 4035 462 4090 17
484 4033 554 4103 quod
572 4036 600 4089 A
626 4039 694 4104 quot
712 4037 834 4107 ecquod
853 4052 923 4093 corr.
942 4053 976 4092 m.
994 4038 1057 4093 213
1160 4037 1193 4094 21
1213 4038 1340 4108 quicquid

208 4121 248 4175 bie
266 4120 295 4175 B
397 4121 432 4175 22
450 4123 608 4181 auomautur
625 4122 829 4178 Rittcrrbuar'ue
931 4122 1049 4178 hebrioei
1067 4126 1095 4178 A
1198 4125 1233 4179 28
1250 4124 1340 4180 officio

207 4207 235 4260 A
338 4207 373 4262 30
392 4205 502 4277 obydire
520 4207 548 4262 A
575 4206 680 4263 obedire
696 4208 725 4263 B
