3076 4764
223 256 284 322 132
572 310 575 315 ,
707 252 867 308 Saluiani

223 446 265 508 ut
287 444 400 527 illiqs
428 445 561 527 inopia
582 461 649 508 uos
671 440 1001 508 honestaremini.
1036 443 1076 507 et
1104 460 1189 508 eum
1211 444 1250 509 in
1272 442 1347 509 for·

222 567 298 625 ma,
321 545 432 629 inquit,
456 548 517 611 dei
540 548 665 624 esset,
687 543 924 611 humiliauit
947 545 1207 627 semetipsum
1228 565 1349 630 usque

223 651 269 716 ad
297 651 478 727 mortem,
508 651 677 715 mortem
706 652 834 715 autem
865 646 1007 712 erucis.
1044 649 1101 714 hoe
1123 665 1178 713 nos
1201 648 1350 715 uidelicet

222 752 367 819 christus
400 751 523 830 imbuit,
557 770 627 818 cum
662 771 718 835 pro
749 751 837 820 nobis
870 752 933 817 ista
962 752 1123 818 toleraret:
1160 751 1351 834 praeclaram

222 855 359 938 passioni
391 853 456 921 eius
485 853 736 920 uicissitudinem
762 853 920 920 reddimus
942 856 1004 936 qui,
1035 873 1106 921 cum
1128 859 1228 921 morte
1251 854 1383 938 ipsiuse

222 957 467 1041 redemptionem
490 957 711 1040 acceperimus,
734 959 833 1023 uitam
849 959 878 1024 ei
900 959 1116 1042 turpissimam
1138 975 1348 1041 repensamus.

222 1061 412 1143 apparuit
427 1061 544 1138 enim,
560 1060 664 1143 inquit
679 1061 880 1127 beatissimus
896 1063 1023 1137 Paulus,
1046 1063 1180 1145 gratia
1202 1062 1349 1131 domini

222 1165 349 1231 nostri
377 1167 465 1230 lesu
494 1163 662 1242 Christi,
697 1164 880 1229 erudiens
908 1183 993 1243 nos,
1027 1169 1069 1230 ut
1098 1165 1348 1252 abnegantes

222 1268 474 1350 impietatem
498 1272 536 1333 et
558 1268 780 1335 saecularia
806 1269 1007 1335 desideria
1029 1268 1160 1334 sobrie
1183 1272 1220 1334 et
1242 1270 1349 1337 iuste

223 1373 263 1437 et
284 1374 346 1455 pio
368 1372 548 1437 uiuamus
571 1371 609 1437 in
632 1371 704 1436 hoe
726 1372 898 1451 saeculo,
923 1375 1173 1453 expectantes
1196 1371 1383 1438 beatamlo

223 1492 332 1557 spem
355 1477 393 1540 et
415 1475 625 1541 aduentum
653 1475 810 1555 gloriae
831 1474 962 1557 magni
983 1475 1045 1539 dei
1069 1478 1105 1540 et
1128 1474 1349 1541 saluatoris

222 1580 352 1644 nostri
388 1579 482 1644 lesu
518 1576 693 1657 Christi,
731 1580 793 1661 qui
830 1577 942 1643 dedit
979 1577 1241 1659 semetipsum
1278 1597 1347 1660 pro

221 1680 352 1760 nobis,
391 1682 432 1746 ut
467 1699 538 1747 nos
573 1681 789 1747 redimeret
827 1680 871 1747 ab
910 1681 1014 1747 omni
1052 1681 1271 1763 iniquitate
1308 1686 1347 1750 et

224 1783 433 1849 mundaret
456 1783 536 1848 sibi
558 1784 746 1867 populum
769 1784 1077 1866 acceptabilem,
1107 1786 1348 1853 sectatorem

171 1887 409 1953 28bonornm
432 1904 597 1968 operum.
628 1885 684 1952 ubi
706 1891 779 1952 sunt
794 1889 848 1971 qui
871 1887 948 1952 haee
970 1887 1098 1985 faciant,
1120 1890 1246 1970 propter
1269 1907 1382 1971 quaere

222 1989 347 2056 uenisse
370 1988 530 2056 Christum
553 1991 711 2072 apostolus
734 1989 833 2056 dicit?
856 1989 910 2055 ubi
934 1994 1007 2056 sunt
1030 1989 1084 2073 qui
1106 1989 1258 2082 desideria
1279 2009 1347 2058 eae-

223 2093 287 2159 euli
310 2091 434 2178 fugiant
455 2095 510 2159 ubi
532 2094 586 2178 qui
608 2093 711 2159 uitam
732 2093 782 2177 pie
798 2112 833 2159 ac
855 2093 938 2159 iuste
960 2095 1058 2178 agant
1079 2090 1201 2176 ubi-qui
1223 2112 1347 2176 sperare

223 2215 255 2262 se
286 2215 372 2279 spem
406 2195 530 2264 beatam
564 2197 652 2262 bonis
686 2197 830 2282 operibus
863 2197 1029 2264 ostendant
1059 2199 1090 2264 et
1111 2199 1347 2266 immaculatam

222 2300 322 2366 uitam
358 2303 483 2382 agentes
516 2301 576 2366 hoc
608 2301 675 2384 ipso
704 2319 738 2365 se
764 2301 897 2382 probent
925 2320 1056 2385 regnum
1086 2301 1136 2366 dei
1159 2304 1345 2384 exspectare,

223 2403 297 2489 quia
318 2404 479 2470 merentur
494 2406 652 2487 accipere?
675 2405 771 2480 uenit,
795 2404 908 2488 inquit,
931 2406 1073 2471 dominus
1091 2407 1178 2471 lesus
1194 2405 1381 2486 Christusne

222 2510 265 2574 ut
302 2507 510 2574 mundaret
546 2506 625 2572 sibi
660 2508 846 2592 populum
882 2508 1185 2591 acceptabilem,
1223 2504 1346 2575 secta·

171 2610 345 2676 29torem
379 2612 563 2677 bonorum
597 2627 764 2694 operum.
803 2611 856 2675 ubi
890 2612 936 2678 est
969 2611 1102 2697 populus
1128 2613 1183 2678 ille
1211 2613 1345 2680 mundus

222 2712 275 2779 ubi
297 2712 428 2796 populus
450 2711 665 2797 acceptabilis,
688 2712 742 2779 ubi
763 2715 896 2796 populns
919 2715 991 2779 boni
1014 2716 1115 2797 operis
1138 2714 1191 2781 ubi
1213 2717 1346 2800 populns

222 2813 421 2881 sanctitatis?
455 2813 658 2900 Christus,
680 2817 959 2899 inquitsoriptura,
982 2836 1049 2903 pro
1072 2818 1183 2886 nobis
1205 2837 1346 2903 passus

222 2922 294 2997 est,
329 2919 545 3000 exemplum
579 2918 691 2984 nobis
724 2919 951 3003 relinquens
985 2924 1027 2986 ut
1056 2940 1262 3005 sequamur
1284 2940 1380 2988 uere

223 3020 350 3104 stigia
372 3021 470 3086 eius.
499 3020 648 3086 uidelicet
670 3021 806 3107 uestigia
827 3023 995 3088 saluatoris
1017 3027 1175 3107 sequimur
1196 3025 1231 3092 in
1253 3026 1344 3092 circis

222 3124 355 3209 uestigia
387 3123 552 3190 saluatoris
586 3124 745 3208 sequimur
772 3125 806 3189 in
836 3125 980 3193 theatris.
1019 3128 1082 3192 tals
1113 3128 1202 3192 nobis
1223 3129 1345 3195 scilieet

222 3226 365 3292 Christus
388 3225 516 3309 reliquit
538 3228 724 3310 exemplum,
747 3247 839 3313 quem
857 3228 978 3294 fieubse
1000 3229 1134 3312 legimus
1155 3230 1260 3298 risisse
1283 3250 1344 3297 non

221 3329 365 3413 legimus.
403 3331 436 3395 et
457 3329 516 3395 hoe
538 3333 705 3413 utrumque
729 3350 783 3414 pro
806 3331 904 3410 nobis,
933 3334 1008 3414 quia
1029 3333 1120 3398 fletus
1146 3336 1344 3419 compunctio

222 3435 271 3498 est
293 3434 415 3498 animae
437 3431 516 3498 risus
539 3433 693 3516 corruptio
716 3433 911 3517 disciplinae.
949 3440 981 3501 et
1004 3437 1072 3502 ideo
1095 3436 1239 3503 dicebat:
1273 3457 1380 3504 uaeeo

325 3644 498 3712 ramosa
567 3620 738 3711 ausaarr
807 3649 841 3701 24
859 3647 944 3702 rna
956 3648 982 3719 2,
995 3649 1027 3704 ar
1097 3650 1132 3704 ao
1149 3650 1344 3717 sesamam

273 3842 288 3894 1
316 3856 364 3894 uos
390 3841 416 3894 A
442 3841 491 3897 sed
513 3859 547 3896 m.
569 3858 623 3898 rec.
646 3861 664 3898 u
686 3849 754 3898 mat.
778 3845 809 3899 ic
831 3843 857 3897 N
967 3847 985 3902 4
1010 3845 1136 3902 Christus
1161 3847 1189 3901 Β
1212 3862 1234 3905 e·
1257 3848 1276 3902 l.

221 3925 237 3979 6
255 3927 466 3996 etturpissimam
482 3929 531 3985 aad
546 3931 640 3998 potore
657 3933 671 3986 t
688 3935 754 3987 mut.
772 3932 804 3986 ia
820 3931 831 3985 i
848 3932 888 3987 A:
907 3935 1089 4002 turpissimam
1109 3935 1180 4002 (eine
1192 3935 1228 3999 ei)
1247 3934 1275 3988 Β

221 4013 238 4066 8
256 4014 288 4066 nt
303 4013 332 4067 B
348 4028 369 4069 a.
388 4014 406 4070 l.
510 4018 543 4071 11
565 4015 667 4071 domini
689 4017 792 4086 gloriae
814 4017 841 4072 Β
946 4021 980 4074 lb
999 4035 1067 4089 quae
1084 4020 1112 4074 A
1129 4037 1164 4076 m.
1182 4023 1202 4075 2
1218 4037 1239 4075 a.
1257 4019 1275 4075 l.
1339 4070 1343 4079 ,

223 4098 256 4151 19
274 4099 387 4167 probent
404 4101 432 4155 A
450 4106 477 4155 et
488 4099 633 4158 diuiaoca't
644 4102 857 4159 Recordemur:
881 4104 1023 4173 perhibent
1040 4106 1068 4160 Β
1164 4106 1199 4162 ab
1217 4105 1359 4164 Christus-

221 4182 297 4238 Iesus
316 4184 344 4239 B
446 4184 480 4240 25
497 4185 573 4241 nobis
592 4186 739 4257 exemplum
756 4189 783 4242 Β
885 4190 919 4245 28
936 4190 1051 4260 reliquid
1067 4192 1095 4246 Β
