3076 4764
259 295 303 362 20
746 289 901 345 Saluiani

259 487 379 550 deserto
401 483 521 566 positus
543 500 669 566 gregem
691 483 809 564 pascit,
837 480 952 545 rubum
973 482 1081 547 ardere
1105 481 1269 565 conspicit,
1293 480 1385 548 deum

260 606 295 653 er
316 589 392 654 rubo
410 585 508 664 audit,
530 585 693 668 praecepte
706 583 830 668 accipit,
854 584 1010 666 potestate
1025 584 1188 664 exaltatur,
1212 586 1251 650 ad
1265 583 1385 651 Phara·

259 708 349 755 onem
375 690 531 774 mittitur,
560 689 649 754 uenit
675 688 816 771 loquitur
845 688 1058 755 contemnitur
1079 689 1185 755 uincit.
1222 691 1385 773 Aegyptus

258 793 440 877 percutitur,
464 792 636 857 Pharaonis
658 790 887 857 inoboedientia
913 794 1096 859 uerberatur
1120 796 1152 858 ct
1173 791 1302 876 quidem
1324 809 1385 856 nou

169 910 172 915 ⁴
259 915 320 962 uno
349 895 450 976 modo,
484 895 604 962 scilicet
632 895 761 977 utplus
783 895 952 980 sacrilegus
986 895 1169 979 torqueatur
1203 896 1420 962 diuersitates

258 999 412 1082 supplicii.
444 1001 477 1064 et
498 998 573 1081 quid
594 999 776 1081 postremos
798 997 901 1064 demas
923 999 1055 1066 rebellat
1071 999 1175 1065 decies
1190 1001 1385 1067 uerberatur.

258 1103 332 1185 quid
356 1118 430 1186 ergo
451 1100 613 1167 dicimus?
631 1099 719 1185 'puto
736 1100 826 1185 ¹quod
848 1103 881 1167 in
904 1103 955 1167 his
976 1103 1123 1170 omnibus
1146 1107 1177 1170 et
1200 1122 1307 1169 curare
1329 1121 1385 1186 pa·

257 1207 335 1271 riter
363 1222 412 1270 res
443 1205 596 1270 humanae
625 1208 721 1271 deam
741 1210 773 1271 et
802 1205 939 1272 iudicare
969 1225 1147 1291 cognoscas.
1184 1208 1218 1272 in
1242 1209 1386 1292 Aegypto

257 1308 372 1392 quippe
402 1311 478 1374 tune
508 1308 589 1374 enim
613 1328 675 1375 non
697 1309 829 1393 simplex
851 1312 979 1375 tantum
1000 1310 1053 1376 sod
1076 1311 1242 1394 multiplex
1265 1313 1385 1378 constat

258 1413 306 1478 dei
322 1412 420 1478 fuisse
435 1412 584 1479 iudicium
592 1433 601 1493 3
619 1413 897 1496 quotienscumque
912 1414 997 1478 enim
1011 1415 1199 1481 rebellantes
1214 1416 1385 1498 Aegyptios
1395 1439 1436 1481 101

207 1521 244 1586 41
257 1515 410 1601 percussit
438 1518 553 1582 totiens
582 1515 744 1582 iudicauit.
779 1516 833 1581 sed
854 1518 925 1599 post
946 1516 1019 1596 ista,
1042 1535 1123 1599 quae
1142 1519 1287 1597 diximus,
1311 1517 1387 1600 quid

257 1623 399 1686 secutum
430 1622 501 1685 eet?
534 1620 654 1685 Israhel
684 1619 864 1698 dimittitur,
894 1621 1009 1703 pascha
1031 1620 1187 1686 celebrato
1209 1621 1384 1704 Aegyptios

257 1725 378 1808 spoliat,
408 1722 495 1788 diues
523 1723 672 1789 abscedit.
710 1724 907 1790 Pharaonem
936 1725 1086 1806 paenitet,
1119 1723 1289 1789 exercitum
1312 1741 1385 1789 con·

257 1829 368 1908 trahit,
393 1831 431 1894 ad
454 1828 610 1912 fugientes
632 1828 793 1911 peruenit,
816 1829 927 1895 castris
949 1829 1101 1914 iungitur,
1134 1827 1273 1894 tenebris
1296 1845 1385 1910 sepa-

257 1935 352 2010 retur,
387 1931 522 1999 siccatur
549 1932 690 2016 pelagus,
724 1931 845 1997 Israhel
878 1933 1031 2016 graditur,
1065 1931 1200 1998 officiosa
1230 1931 1420 1999 undarum1a

257 2035 412 2121 patientia
433 2035 594 2103 liberatur.
632 2035 754 2101 Pharao
777 2037 927 2119 sequitur,
958 2054 1045 2100 mare
1068 2054 1163 2118 super
1186 2055 1258 2101 eum
1279 2035 1385 2100 reuol-

257 2141 353 2219 uitur,
386 2139 486 2204 fluctu
518 2138 678 2220 operiente
712 2138 842 2204 deletur.
879 2139 955 2220 puto
983 2138 1049 2203 iam
1079 2157 1140 2204 non
1164 2138 1329 2205 obscurum
1352 2139 1385 2204 in

256 2245 305 2310 his
328 2260 407 2325 quae
429 2245 501 2307 acta
523 2244 598 2306 sunt
612 2242 662 2307 dei
678 2260 744 2307 esse
766 2241 929 2320 iudicium,
954 2245 985 2307 et
1008 2242 1135 2324 quidem
1157 2259 1218 2307 non
1233 2242 1385 2308 iudicium

257 2350 383 2412 tantum
406 2346 460 2411 sod
483 2344 581 2410 etiam
603 2344 851 2410 moderationem
875 2345 967 2429 atque
988 2345 1193 2429 patientiam:
1216 2345 1384 2430 patientiae

258 2450 340 2515 enim
368 2447 429 2513 fuit
458 2449 539 2531 quod
561 2446 711 2530 Aegyptii
735 2447 924 2514 rebellantes
947 2466 1037 2531 saepe
1058 2448 1196 2531 percussi
1220 2453 1311 2525 sunt,
1334 2449 1420 2512 iuno

205 2552 331 2618 chureii
353 2554 434 2635 quod
457 2551 671 2617 contumaciae
691 2550 864 2635 pertinaces
887 2552 988 2617 morte
1009 2551 1159 2617 damnati.
1193 2551 1291 2634 igitur
1312 2552 1381 2631 post

258 2658 339 2722 hunc
361 2673 466 2718 rerum
488 2657 647 2736 gestarum
670 2653 810 2719 ordinem
824 2652 999 2736 ingreditur
1013 2655 1174 2718 heremum
1188 2652 1301 2717 uictrix
1316 2649 1384 2715 sine

257 2760 338 2825 bello
370 2776 446 2844 gens
468 2759 690 2825 Hebraeorum.
730 2757 797 2839 agit
830 2755 891 2822 iter
919 2757 984 2822 sinc
1013 2758 1144 2836 itinere,
1178 2758 1299 2821 uiatriu¹
1316 2756 1384 2820 sine

258 2861 320 2939 uia,
343 2863 470 2944 praeuio
493 2862 559 2940 dcc,
583 2860 690 2927 diuino
713 2859 897 2927 commilitio
920 2859 1120 2938 honorabilis,
1144 2860 1239 2924 ductu
1256 2857 1383 2924 caelesti

257 2967 382 3051 potens,
416 2983 547 3046 sequens
580 2963 727 3028 mobilem
758 2962 951 3042 columnam,
986 2962 1130 3028 nubilam
1161 2962 1226 3040 die,
1259 2963 1384 3044 igneam
1392 2984 1418 3027 cs

258 3073 356 3148 noete,
381 3085 531 3152 congruas
554 3068 692 3133 colorum
715 3065 915 3131 diuersitatas
937 3082 993 3147 pro
1008 3069 1184 3145 temporum
1200 3066 1383 3131 diuersitate

258 3175 448 3250 sumentem,
478 3170 597 3236 scilicet
619 3171 655 3234 ut
678 3172 709 3235 et
732 3169 793 3234 diei
823 3170 927 3234 lucem
948 3166 1034 3232 lutea
1059 3165 1250 3232 obscuritate
1272 3167 1383 3232 distin-

259 3278 367 3360 gueret
389 3275 421 3340 et
444 3273 610 3358 caliginem
625 3273 725 3338 noctis
740 3271 884 3337 flammeo
900 3269 1062 3353 splendore
1078 3268 1222 3334 claritate
1237 3271 1382 3337 radiaret.

187 3552 191 3560 ’
311 3571 462 3628 trab-um
489 3571 517 3623 A
619 3570 764 3638 haccepit
790 3569 818 3622 A
921 3568 1159 3637 aeontempnieur
1177 3570 1233 3624 AB
1248 3571 1308 3637 sere
1325 3574 1384 3627 abt·

258 3684 310 3738 poe
416 3667 433 3720 9
460 3665 531 3720 enim
557 3665 660 3721 deleuit
685 3665 903 3721 Rittersbesa'es:
930 3662 997 3729 fort.
1024 3669 1109 3730 recte,
1132 3666 1298 3733 praesertim
1324 3683 1384 3722 cum

258 3762 390 3832 facillime
407 3759 494 3828 repeti
507 3765 598 3828 posset
615 3776 650 3816 ecc
666 3761 760 3817 atatim
777 3774 830 3830 seq.
855 3758 982 3829 quotiens
999 3774 1110 3828 eumque
1130 3760 1213 3830 enim3
1241 3761 1276 3828 cf.
1295 3777 1384 3830 supra

259 3855 295 3912 ad
316 3860 341 3918 §-
358 3857 394 3910 38
498 3853 532 3908 10
556 3854 790 3922 quotienscumque
812 3858 838 3909 et
860 3852 958 3907 totiens
983 3854 1010 3908 A
1035 3855 1103 3922 (noe
1121 3855 1339 3928 quotiescumque
1358 3859 1384 3910 et

258 3950 341 4006 toties
358 3955 390 4005 ut
407 3949 538 4004 Halmius
554 3948 649 4017 refert)
667 3947 736 4004 etB
831 3947 864 4002 12
881 3950 1022 4017 sequutum
1040 3951 1067 4003 A
1161 3952 1264 4008 Israhel
1281 3954 1308 4007 A
1325 3954 1383 4020 fere

258 4045 364 4114 abique,
384 4046 455 4100 alias
472 4044 522 4099 isrl
539 4049 571 4099 et
589 4045 617 4098 B
711 4058 792 4110 pasca
815 4042 933 4097 celebrat
956 4046 984 4099 B
1087 4047 1120 4100 16
1143 4047 1265 4100 uoluitur
1288 4048 1315 4100 B

258 4139 292 4194 20
310 4140 440 4209 percussit
457 4139 551 4194 iudicii
569 4140 629 4207 (cm.
648 4140 723 4203 sunt)
742 4137 769 4191 B
863 4139 897 4192 22
914 4140 987 4194 bunc
1004 4157 1067 4196 ccc:
1094 4141 1164 4195 banc
1181 4141 1236 4194 AB
1254 4140 1383 4194 Haimatos

260 4238 320 4300 (cm.
335 4236 405 4301 ΤΠ)
493 4233 527 4287 23
538 4231 696 4287 hebreorum
708 4231 764 4286 AB
851 4233 1031 4289 reconditio
1044 4236 1103 4304 (sic)
1116 4238 1143 4288 A
1161 4232 1314 4289 dmilicioB
