3076 4764
531 284 568 339 de
585 285 722 353 gubern.
740 284 793 340 dei
810 285 835 340 V
851 290 867 350 θ
884 286 995 341 cc-co.
1266 290 1326 355 121

201 473 331 538 tuorum
353 476 384 536 et
406 472 559 538 sodalium
594 472 778 557 latrociniis,
812 474 950 541 sufficiat
976 479 1103 541 nexatos
1131 476 1229 543 fuisse
1251 496 1329 561 pau·
1392 516 1395 523 -

203 592 302 656 peres,
338 574 475 640 sufficiat
502 574 651 657 spoliatos
674 593 693 641 a
716 575 864 642 defuisse
894 577 1065 643 mendicos:
1099 596 1195 660 paene
1223 578 1329 643 nullus

203 677 291 743 iuxta
312 682 343 743 tc
367 677 552 760 intrepidus,
577 679 683 745 nullus
705 680 810 760 potest
832 698 899 745 esse
921 697 1056 745 securus.
1093 680 1216 747 facilius
1238 700 1327 763 prae·

204 780 325 863 cipitati
349 782 463 864 Alpina
494 801 570 865 rupe
603 783 757 849 torrentes
780 787 835 847 aut
857 783 1004 849 incendia
1037 784 1150 854 uentis,
1170 783 1335 866 exagitata,

184 884 387 952 abolerentur.
417 903 477 950 ncn
494 885 540 950 sic
553 885 728 968 pereuntes,
750 884 787 950 nt
801 885 847 950 ita
863 885 1002 965 dixerim,
1026 888 1138 952 nautae
1155 885 1326 969 Charybdis

203 987 373 1052 noracitate
407 989 462 1053 aut
483 986 644 1071 Scyllaeis,
679 989 716 1055 nt
738 989 837 1066 aiunt,
874 987 1003 1054 canibus
1038 989 1235 1055 deuorautnr.
1273 987 1378 1054 err-59

202 1089 308 1154 turbas
329 1089 589 1172 possessiunculis
612 1089 676 1155 suis
698 1090 819 1156 uicinos
842 1090 923 1167 tuos,
953 1090 1146 1156 habitatione
1168 1109 1204 1156 ac
1227 1093 1327 1157 facul·

202 1193 267 1259 tate
288 1191 444 1275 proximos
467 1196 545 1258 tuos.
586 1192 745 1275 numquid,
776 1197 811 1257 ut
834 1192 1067 1274 scriptumest,
1098 1195 1326 1275 superterram

201 1295 288 1360 solus
319 1293 502 1360 habitabis?
539 1295 597 1361 hoc
630 1314 728 1361 unum
762 1294 875 1378 quippe
903 1296 960 1375 est,
995 1298 1074 1377 quod
1104 1295 1244 1361 obtinere
1265 1315 1326 1363 non

173 1396 327 1480 repeteris.
372 1397 548 1479 quamlibet
580 1400 663 1464 enim
695 1401 806 1464 cuncta
839 1415 968 1480 occupes
1005 1397 1178 1480 quamlibet
1212 1402 1327 1467 cuncta

202 1503 362 1585 parandas,
384 1501 523 1567 uicinum
546 1519 668 1583 semper
690 1500 839 1567 inuenies.
866 1500 983 1583 respice
997 1517 1109 1582 quaeso
1126 1501 1214 1583 alios,
1240 1521 1341 1587 quos.

203 1605 279 1670 uelis
309 1605 399 1684 nolis,
434 1609 465 1670 et
486 1607 552 1689 ipss
582 1607 728 1688 suspicis:
763 1605 881 1686 respice
909 1605 996 1683 alios,
1026 1622 1111 1685 quos,
1133 1606 1213 1672 uelis
1235 1607 1325 1691 nolis,

199 1707 298 1773 *etiam
320 1709 386 1791 ipse
407 1708 540 1774 miraris.
572 1709 697 1773 altiores
720 1710 792 1772 sunt
816 1708 926 1772 ceteris
950 1707 1104 1789 dignitate
1127 1710 1159 1773 et
1182 1711 1324 1792 aequales

202 1812 388 1897 dignatione,
412 1815 544 1878 maiores
567 1816 640 1876 sunt
662 1814 818 1894 potestate
837 1815 869 1876 et
891 1810 1026 1875 minores
1047 1811 1236 1879 humilitate.
1264 1817 1324 1879 scis

172 1918 338 1999 reprofecto
362 1917 456 1982 etiam
473 1916 549 1999 ipse,
573 1916 720 1998 adquam
736 1934 817 1979 nunc
836 1917 1001 1998 loquimur,
1024 1918 1061 1981 de
1078 1932 1137 1998 quo
1153 1917 1324 1999 loquamur,

203 2019 233 2084 et
253 2020 346 2098 idem,
376 2019 414 2086 de
440 2038 500 2102 quo
528 2038 610 2084 nnnc
637 2021 804 2102 querimur,
833 2019 925 2084 debes
948 2036 1122 2102 agnoscere,
1150 2037 1243 2101 quem
1266 2019 1325 2087 hac

202 2123 291 2188 lande
312 2141 506 2189 ueneremur.
537 2123 630 2204 atque
652 2121 776 2193 utinam
790 2121 884 2186 multi
900 2124 1014 2198 essent,
1038 2123 1090 2204 qui
1105 2117 1377 2213 laudarentur:60

202 2226 365 2294 salubritas
389 2225 471 2291 esset
492 2225 633 2290 omnium
656 2224 847 2308 generositas
869 2224 1085 2306 plurimorum.
1124 2225 1178 2290 sed
1200 2229 1265 2291 estc
1286 2231 1324 2290 tu

202 2328 279 2394 nolis
303 2342 370 2395 esse
392 2329 573 2396 laudabilis:
604 2347 659 2394 cur
681 2329 770 2406 nelis,
800 2346 923 2410 quaeso,
948 2346 1013 2393 esse
1035 2328 1247 2395 damnabilis?
1270 2349 1324 2394 cur

171 2430 259 2499 olibi
280 2432 439 2499 iniustitia
461 2433 506 2498 nil
529 2432 657 2496 amicius
673 2449 727 2496 cnr
744 2431 878 2496 auaritia
900 2430 947 2495 nil
970 2430 1132 2495 iucundius
1155 2449 1210 2495 cur
1231 2448 1339 2513 rapas

203 2535 296 2603 citata
317 2536 364 2601 nil
393 2536 518 2602 carius?
551 2555 606 2601 cur
634 2534 679 2600 nil
707 2533 825 2601 iudicas
846 2533 1012 2616 pretiosius
1035 2552 1128 2616 qnam
1150 2535 1323 2617 nequitiam

203 2656 255 2704 cur
288 2640 336 2705 nil
367 2639 579 2731 praestantius
615 2656 710 2720 qnam
743 2639 916 2719 rapinam?
944 2638 1028 2702 disce
1065 2638 1117 2703 uel
1149 2655 1168 2702 a
1200 2655 1322 2722 pagano

202 2743 324 2808 homine
346 2762 456 2809 uerum
479 2743 611 2808 bonum:
645 2743 815 2807 caritate
845 2742 964 2818 enim,
998 2742 1115 2824 inquit,
1150 2742 1189 2805 et
1216 2742 1323 2807 beni·

202 2846 378 2912 nolentia
399 2850 582 2929 saeptum
604 2848 760 2928 oportet
783 2862 879 2928 esse,
904 2862 977 2908 non
1000 2845 1131 2910 armis.
1155 2842 1323 2909 falluntte

171 2951 304 3032 citaque
333 2950 490 3034 opiniones
520 2950 601 3034 tuae,
635 2948 719 3014 fallit
749 2967 863 3031 prauae
887 2952 918 3012 et
940 2965 1047 3013 caecae
1070 2948 1184 3012 mentis
1206 2946 1335 3031 impres

202 3051 291 3118 bitas.
331 3055 358 3118 si
380 3055 429 3118 uis
452 3053 567 3137 probus
589 3053 617 3118 si
640 3054 687 3117 uis
711 3057 821 3136 potens
843 3053 871 3117 si
893 3052 942 3117 uis
966 3071 1097 3136 magnus
1120 3070 1196 3126 esse,
1227 3052 1322 3118 houe-

301 3208 387 3262 alsa
406 3210 430 3274 5,
448 3210 465 3263 8
567 3208 601 3261 23
620 3207 689 3260 Plin.
707 3206 805 3276 Paneg.
824 3222 846 3260 c.
863 3206 897 3258 49

250 3346 312 3399 let
329 3346 411 3412 (utA
427 3346 516 3410 babet)
537 3346 617 3400 etiam
631 3345 842 3400 Rittcrshuaiacs:
870 3359 921 3399 om.
939 3343 966 3395 Β
1069 3343 1179 3395 2iuxta
1191 3344 1219 3395 te
1231 3341 1322 3395 nullus

199 3429 226 3484 Β
323 3432 340 3485 6
357 3431 463 3500 scylleis
481 3431 537 3484 AB
634 3432 651 3485 8
669 3433 862 3499 superterram
881 3428 953 3483 solus
970 3443 1049 3497 super
1066 3429 1168 3482 terram
1185 3426 1321 3481 habitabis

201 3518 388 3586 (habitacionis
415 3535 448 3572 m.
476 3522 501 3583 1)
530 3519 557 3572 B
681 3520 713 3571 11
740 3517 838 3585 respice
863 3515 1122 3585 quaeso-suscipis
1149 3530 1200 3571 om.
1226 3515 1253 3567 A

201 3604 373 3673 roprande
396 3620 430 3658 ac
452 3605 796 3673 profectuAcorr.m.2
898 3618 969 3656 nunc
992 3617 1042 3656 om.
1067 3602 1094 3654 Β
1112 3605 1181 3655 ml
1283 3601 1321 3655 lo·

201 3689 306 3758 quimnr
319 3688 450 3758 (loquitur
462 3706 496 3743 m.
509 3695 534 3754 1)
554 3690 623 3743 hunc
636 3690 668 3743 de
686 3690 713 3742 Β
812 3689 844 3743 16
861 3689 912 3742 hac
931 3703 965 3741 ea
981 3687 1049 3741 hanc
1066 3686 1094 3740 A
1106 3703 1176 3743 corr.
1188 3704 1222 3741 m.
1235 3690 1253 3741 2

201 3774 232 3829 17
258 3776 362 3830 utinam
391 3777 419 3830 Β
435 3793 457 3830 a.
476 3777 494 3830 1.
599 3776 630 3830 19
657 3775 754 3830 nobihs
780 3775 830 3830 sub
859 3775 885 3827 bi
911 3773 1011 3828 lineola
1034 3773 1117 3828 docto
1134 3791 1169 3827 m.
1189 3777 1209 3828 2
1226 3774 1254 3828 A

198 3859 233 3914 20
254 3861 325 3916 nihil
348 3862 460 3917 amicius
483 3863 511 3916 A
613 3862 755 3916 iocundius
781 3861 838 3914 AB
940 3860 973 3914 23
997 3860 1099 3928 uerum]
1118 3863 1207 3915 uirum
1224 3861 1252 3914 Β

199 3947 323 4002 caritas„
340 3949 431 4017 inquit
449 3951 564 4017 (mcccc
581 3950 668 4004 tricem
685 3965 705 4003 s.
725 3954 858 4017 quattuor
872 3947 933 4011 1111.)
951 3946 977 3999 A
1082 3946 1116 4000 24
1133 3950 1238 4015 septum
1256 3947 1321 4003 add.

197 4048 219 4090 a.
237 4035 255 4090 1.
271 4052 306 4091 m.
324 4038 344 4090 2
362 4037 390 4089 te
406 4038 434 4089 A
537 4036 571 4090 25
595 4034 732 4103 opiniones
751 4050 786 4088 ccc
803 4032 937 4101 opinionis
958 4031 985 4084 A
1003 4047 1072 4086 corr.
1091 4049 1125 4086 m.
1144 4038 1160 4087 1
1264 4050 1322 4090 cecc

196 4123 224 4173 A
326 4121 361 4176 26
388 4122 412 4176 si
434 4123 477 4176 uis
500 4121 658 4191 improbitas
681 4122 704 4174 si
727 4121 769 4173 uis
792 4119 924 4188 impotens
941 4118 997 4172 AB
1017 4119 1064 4172 scd
1081 4119 1112 4172 ic
1130 4121 1157 4172 A
1174 4125 1321 4190 wrucoqm

199 4207 234 4259 irn
251 4224 285 4261 m.
304 4210 324 4262 2
342 4207 393 4262 dcl.
413 4213 439 4262 rt
456 4223 538 4276 super
556 4208 628 4262 bites
646 4223 696 4261 scr.
717 4207 765 4259 bus
