3076 4764
223 291 285 357 196
708 287 861 342 Saluiani

222 479 331 562 religio
354 496 432 560 quae
455 476 671 542 christianitas
693 477 770 541 fuit!
794 475 976 541 dicebantur
991 475 1161 542 Christiani
1183 477 1223 542 ad
1241 477 1352 542 contu-

172 581 351 646 13moliam
385 579 513 646 Christi.
558 597 630 644 cum
663 579 824 663 apostolus
857 579 1029 644 declamet:
1067 598 1143 645 non
1176 581 1352 663 potestis

119 674 123 682 ’
222 684 390 748 calicem
423 682 570 747 domini
603 681 739 746 bibere
773 683 812 747 et
846 683 1006 747 calicem
1039 685 1352 761 daemoniorum,

221 805 295 851 non
317 785 492 868 potestis
514 804 670 851 mensae
692 785 842 851 domini
865 785 1112 867 participare
1136 788 1176 851 et
1196 806 1353 853 mensae

165 924 168 932 ·
222 891 534 966 daemoniorum,
563 888 628 953 illis
659 889 716 953 hoc
737 887 815 952 satis
837 906 899 953 non
923 888 999 963 erat,
1031 893 1068 953 ut
1091 909 1162 954 curn
1185 891 1282 955 calice
1304 891 1355 954 dei
1375 911 1387 950 1

223 992 354 1057 calicem
371 992 516 1057 biberent
538 992 784 1073 daemoniorum,
808 991 868 1055 nisi
890 991 984 1057 illurn
1000 993 1096 1057 etiam
1119 992 1352 1074 praetulissent,

222 1114 278 1161 nec
300 1094 484 1175 sufficiebat,
509 1095 545 1158 ut
567 1112 709 1159 mensam
732 1095 918 1160 daemonum
940 1115 1064 1161 mensae
1080 1096 1251 1160 dominicae
1267 1113 1353 1160 com-

221 1200 379 1282 pararent,
413 1197 475 1262 nisi
508 1201 580 1281 post
613 1197 874 1279 superstitionum
906 1198 1075 1263 infamium
1103 1199 1205 1263 cultus
1233 1201 1274 1264 ad
1302 1201 1353 1265 dei

222 1304 340 1385 templa
374 1304 536 1368 uenientes
570 1303 777 1367 sacrosanctis
799 1301 917 1367 Christi
946 1303 1099 1368 altaribus
1128 1304 1224 1367 ductu
1253 1302 1352 1384 ipsius

222 1405 367 1471 diabolici
391 1408 523 1488 spiritus
547 1405 785 1488 spurcissimum
808 1404 951 1471 nidorem
972 1406 1151 1471 inalassent.
1362 1424 1387 1463 10

171 1528 214 1594 14
265 1527 324 1590 ΙΙΙ.
356 1527 409 1604 ht,
432 1528 546 1608 inquis,
570 1544 632 1590 non
656 1544 763 1591 omnes
786 1526 848 1591 ista
870 1526 1035 1607 faciebant,
1063 1527 1117 1591 scd
1141 1526 1352 1609 potentissimi

223 1629 335 1712 quique
358 1647 394 1693 ao
415 1629 646 1694 sublimissimi.
686 1630 921 1711 adquiescamus
944 1629 1002 1694 hoo
1024 1632 1068 1694 ita
1091 1648 1168 1694 esse.
1204 1629 1257 1693 sed
1280 1648 1352 1694 cum
1403 1639 1404 1642 ’

220 1733 395 1797 ditissimae
430 1751 569 1813 quaeque
598 1751 634 1796 ac
660 1732 897 1814 potentissimae
932 1734 1042 1797 domus
1075 1734 1201 1798 turbam
1230 1733 1351 1798 iaciant

221 1835 370 1911 ciuitatis,
393 1836 481 1899 uides
504 1854 557 1916 per
579 1854 747 1918 paucorum
763 1837 936 1917 potentium
952 1837 1137 1921 sacrilegam
1152 1835 1348 1918 1111111111-

220 1956 292 2000 nem
321 1940 431 2003 urbem
460 1940 604 2002 cunctam
633 1939 728 2002 fuisse
750 1938 914 2020 pollutam.
950 1940 1068 2003 nemini
1092 1939 1197 2003 autem
1220 1937 1352 2003 dubium
1362 1960 1387 1999 15

222 2046 269 2104 est
292 2058 398 2106 omnes
430 2042 626 2107 dominorum
655 2041 794 2106 familias
822 2043 878 2105 aut
906 2041 1024 2105 similes
1047 2060 1113 2106 esse
1137 2041 1270 2106 dominis
1295 2046 1351 2105 aut

223 2144 396 2223 deteriores,
432 2147 576 2228 quamuis
606 2145 665 2210 hoc
694 2145 841 2210 usitatius
873 2147 909 2209 ut
940 2145 1114 2222 deteriores,
1151 2163 1187 2209 ac
1216 2163 1272 2225 per
1294 2145 1352 2210 hoc

222 2265 292 2310 eum
325 2249 421 2312 etiarn
456 2249 528 2313 boni
564 2248 683 2313 domini
712 2267 816 2313 seruos
845 2248 897 2312 uel
925 2249 1060 2313 maxime
1082 2249 1182 2313 malos
1205 2249 1350 2326 habeant,

220 2353 400 2432 promptum
423 2356 471 2416 est
499 2352 690 2436 intellegere.
716 2353 822 2434 quales
844 2352 911 2417 illic
933 2353 1071 2417 familiae
1095 2372 1201 2418 omnes
1224 2354 1350 2434 fuerint,

222 2470 293 2517 cum
327 2455 455 2520 seruiles
489 2455 608 2521 animos
642 2455 708 2520 iam
741 2476 796 2538 per
830 2474 862 2520 sc
891 2458 989 2521 malos
1024 2458 1119 2521 ctiam
1153 2456 1386 2520 dominorumao

165 2556 335 2624 11111111
369 2559 510 2641 nequitia
541 2561 669 2641 peiores.
715 2562 779 2623 esto
814 2577 903 2642 ergo,
939 2560 995 2623 illa
1028 2578 1106 2642 quae
1141 2560 1275 2624 diximus
1311 2560 1351 2624 ad

222 2661 451 2742 potentissimos
475 2680 611 2744 quosque
634 2679 670 2725 ac
694 2661 907 2727 nobilissimos
930 2663 1158 2747 pertinuerunt.
1196 2662 1350 2743 numquid

220 2762 279 2826 illa
307 2764 424 2828 leuiora
451 2785 528 2847 quae
562 2767 717 2831 nobihhus
751 2765 1005 2847 ignobilibusque
1040 2766 1241 2830 eommunia?
1279 2764 1351 2829 odia

221 2865 341 2931 scilicet
363 2870 456 2949 atque
480 2871 687 2933 execrationes
710 2872 891 2933 sanctorum
914 2869 1054 2933 omnium
1077 2870 1160 2933 dico:
1192 2867 1350 2950 sacrilegii

222 2972 335 3053 quippe
365 2989 463 3052 genus
494 2973 542 3035 cst
571 2973 620 3036 dei
651 2972 753 3036 odisse
780 2973 925 3036 cultores.
960 2972 1158 3049 sicutenim,
1190 2971 1218 3034 si
1242 2988 1385 3034 11111111

221 3078 341 3139 1111111
370 3076 527 3155 quispiam
556 3076 675 3154 caedat,
705 3093 761 3139 nos
790 3077 822 3139 in
852 3093 1012 3139 seruorum
1040 3079 1218 3139 nostrorum
1248 3073 1351 3137 caedit

220 3177 343 3257 iniuria,
367 3180 448 3242 etsi
471 3197 489 3243 a
513 3197 668 3261 quoquam
689 3179 773 3245 filius
796 3178 979 3244 uerteretur
994 3178 1123 3264 alienus,
1148 3177 1182 3241 in
1197 3176 1350 3259 supplicio

322 3410 338 3462 2
362 3409 377 3464 Ι
395 3408 453 3463 Cor.
473 3410 516 3476 10,
535 3408 570 3462 20
583 3425 621 3478 sq.

273 3627 286 3678 1
317 3624 507 3678 contumeliam
530 3640 616 3677 meam
640 3623 743 3678 Christi
765 3624 793 3678 B
905 3623 923 3676 4
949 3624 1111 3692 participare
1133 3625 1349 3692 superationi

219 3709 247 3761 B
340 3709 373 3761 10
390 3708 557 3762 inhalassent
575 3709 603 3763 B
696 3710 729 3763 14
746 3725 793 3777 per
809 3725 885 3778 pauc.
903 3713 960 3778 pot.
981 3710 1138 3779 sacrilegam
1156 3710 1348 3779 supersticione

221 3795 280 3860 (sic)
298 3794 326 3847 B
424 3794 456 3849 21
476 3796 520 3864 ad]
539 3796 603 3850 biae
620 3796 731 3864 stapulo
748 3800 856 3850 tautum
873 3796 1009 3850 uocabulo
1026 3796 1071 3849 uei
1088 3796 1212 3865 stupam
1229 3796 1348 3850 uocabo-

219 3878 307 3932 lorum
332 3886 426 3948 parter
447 3882 480 3934 111
495 3881 523 3935 Α
547 3882 599 3951 lapi
622 3887 739 3949 possunt
842 3882 877 3935 22
902 3883 1090 3950 pertinuerunt
1118 3883 1271 3947 (senuerunt
1298 3883 1346 3950 Al]

219 3965 293 4029 ‘fort
312 3966 506 4033 pertinuerint,
524 3973 556 4021 ut
573 3966 727 4021 Saluianus
739 3967 856 4021 scribere
873 3967 946 4021 solet’
964 3967 1107 4033 Halmium
1126 3973 1155 4021 ct
1173 3968 1209 4033 cf.
1226 3967 1289 4021 VII
1296 3970 1347 4020 53.-

219 4049 265 4104 sed
283 4054 341 4104 esto
362 4052 435 4106 iutra
453 4054 560 4107 Calices
584 4053 765 4107 formidabant
869 4054 904 4106 24
928 4057 1081 4107 sanctorum
1104 4053 1225 4106 omnium
1248 4053 1276 4106 B
1295 4053 1346 4106 cd-

218 4138 295 4192 a'cctio
321 4140 546 4207 boospooitrbwie
572 4141 658 4210 etquis
766 4140 799 4194 25
827 4156 910 4210 genus
939 4139 1036 4208 quippe
1062 4139 1090 4193 B
1201 4138 1235 4207 si]
1264 4140 1293 4190 in
1320 4140 1348 4192 B

218 4224 309 4290 (1111)
410 4225 442 4278 21
461 4225 587 4278 iniuriam
604 4225 660 4279 AB
687 4225 787 4280 iniuria
807 4227 833 4280 Τ
856 4226 1003 4280 iniuria-o
