3076 4764
430 948 725 1060 SALVIANI
767 947 1109 1061 urlsuomu.

627 1219 857 1303 neronom
882 1219 909 1301 r.

250 1408 276 1474 Ο
291 1411 397 1489 Amor,
422 1409 497 1493 quid
517 1413 548 1474 te
563 1411 717 1493 appellem
733 1411 845 1492 neseio,
870 1413 984 1475 bouum
999 1426 1039 1473 an
1056 1409 1183 1491 malum,
1208 1409 1360 1477 dulceml

207 1532 248 1580 111
270 1532 424 1598 asperum,
447 1533 574 1578 suauem
590 1534 629 1580 an
652 1514 872 1580 iniucundum:
896 1513 942 1578 ita
961 1514 1043 1579 enim
1067 1515 1198 1596 utroque
1221 1515 1332 1596 plenus

208 1636 251 1699 11,
274 1619 309 1680 ut
333 1622 498 1698 utrumque
514 1635 578 1682 esse
601 1617 744 1682 uidearis.
776 1618 907 1682 amaria
922 1616 1011 1681 nobis
1027 1616 1149 1681 nostros
1165 1616 1333 1683 honestum

186 1726 264 1799 aest,
286 1721 368 1786 laedi
391 1719 549 1784 acerbum.
573 1721 732 1785 ettamen
755 1719 812 1785 hoc
835 1719 973 1798 eiusdem
990 1720 1038 1784 est
1053 1719 1212 1785 interdum
1235 1719 1333 1788 animi

208 1824 406 1906 eiusdemque
428 1823 570 1907 pietatis:
595 1841 667 1889 cum
690 1822 792 1906 specie
813 1823 988 1902 dissentiat,
1011 1825 1131 1889 ratione
1154 1825 1353 1903 concordat

207 1946 294 1999 amor
324 1927 437 2010 quippe
465 1946 526 2015 nos,
550 1927 626 1992 facit
657 1928 777 1992 nostros
807 1945 929 2009 amare,
961 1946 1047 1991 amor
1069 1927 1227 1995 interdum
1250 1926 1334 2012 cogit

166 2111 173 2126 ·
208 2029 369 2095 offendere.
412 2031 579 2113 utrumque
616 2049 712 2095 unum
745 2031 809 2108 est,
848 2049 917 2102 cum
956 2032 1059 2094 tamen
1098 2030 1185 2095 aliud
1219 2032 1333 2095 amoris

207 2132 321 2201 habeat
350 2134 498 2216 gratiam,
529 2132 615 2198 aliud
646 2133 709 2197 odii
732 2133 877 2219 patiatur
907 2132 1065 2196 offensam.
1103 2150 1198 2213 quam
1226 2133 1362 2216 graue,2

172 2235 274 2324 rodco,
299 2254 419 2319 quaeso,
443 2237 487 2300 mi
510 2234 714 2316 dilectissimi,
739 2234 795 2298 aut
817 2253 911 2314 quam
934 2233 1079 2297 acerbum
1102 2237 1159 2317 est,
1182 2237 1218 2298 ut
1241 2252 1335 2303 causa

207 2337 271 2403 odii
291 2358 377 2404 amor
400 2357 467 2403 esse
488 2340 641 2420 cogatur?
679 2339 759 2420 quod
788 2336 914 2416 quidem
943 2354 1014 2400 cum
1036 2355 1127 2419 saepe
1149 2337 1234 2420 aliis,
1264 2341 1334 2402 tum

208 2440 303 2508 etiam
325 2441 402 2506 mihi
425 2440 573 2506 accidisse
596 2459 680 2509 nurnc
702 2440 784 2515 11111,
794 2457 912 2518 uereor,
936 2441 981 2524 ut,
1005 2441 1082 2524 dum
1102 2440 1334 2516 adulescentem

207 2544 300 2629 hunc,
328 2565 420 2626 quem
451 2545 491 2610 ad
514 2563 568 2610 uos
591 2545 674 2628 misi,
694 2542 1023 2631 tradereindiuiduis
1045 2543 1124 2608 meis
1147 2544 1246 2626 cupio,
1277 2543 1334 2609 uni

208 2648 335 2713 studens
363 2649 473 2714 multis
501 2647 654 2717 molestus
682 2648 757 2730 sim,
792 2646 825 2712 11
847 2664 933 2711 amor
955 2647 1021 2712 eius
1042 2647 1162 2733 'offensa
1183 2648 1227 2713 111
1249 2649 1332 2715 1111-

173 2769 323 2830 urorum,
347 2769 536 2836 quamquam
558 2751 600 2828 hi,
624 2752 678 2833 qui
700 2751 777 2817 satis
801 2750 946 2832 diligunt,
970 2767 1032 2819 non
1047 2751 1108 2822 cito
1124 2751 1333 2818 offendantur.

208 2854 261 2920 sed
290 2873 344 2940 ego
373 2854 617 2943 insinuationem
636 2870 749 2921 meam
778 2854 881 2917 minus
911 2854 1034 2936 gratam
1056 2853 1121 2930 iore
1143 2853 1363 2935 quibusdam3

208 2957 339 3033 timens,
372 2958 468 3028 etiam
497 2956 749 3028 imminutionem
772 2959 891 3040 gratiae
914 2956 1064 3023 offensam
1082 2958 1172 3038 pute.
1209 2958 1333 3040 placere

209 3063 290 3126 enim
305 3060 425 3129 dilectis
436 3062 518 3125 meis
534 3060 706 3148 plurimum
727 3061 855 3140 cupiens
871 3060 1048 3127 molestiam
1065 3060 1198 3131 ,illorum
1213 3063 1335 3126 reatum

209 3183 315 3236 meum
339 3164 438 3242 oredo,
461 3166 493 3230 11
515 3165 577 3240 nisi
599 3163 642 3248 111
667 3163 744 3231 11111
759 3162 911 3245 placuero,
932 3163 1123 3247 supplicium
1140 3162 1334 3245 displicentis

173 3267 283 3332 sciero.
321 3287 509 3352 quamquam
544 3267 606 3354 hoc*
635 3266 892 3335 metuendumne
914 3268 1004 3346 uobis
1038 3268 1161 3332 omnino
1189 3284 1251 3345 non
1281 3263 1365 3345 sit‚4

209 3371 262 3454 qui
294 3375 398 3437 totum
426 3389 476 3435 me
498 3370 532 3460 in
554 3388 609 3435 uos
640 3367 824 3457 resipientes
857 3370 954 3439 etiam
988 3371 1073 3454 apud
1104 3369 1183 3433 alios
1206 3388 1261 3453 pro
1284 3387 1334 3436 me

209 3473 336 3539 timetis.
368 3473 492 3540 tantum
515 3474 598 3538 enim
622 3471 710 3536 abest
732 3475 768 3536 ut
792 3471 952 3555 displicere
975 3490 1030 3555 ego
1055 3471 1180 3536 caritati
1204 3490 1333 3537 111111-

209 3575 257 3641 sui
279 3573 384 3642 uestro
406 3576 531 3660 possim,
555 3577 592 3641 ut
614 3574 710 3640 etiam
731 3574 812 3639 illud
835 3594 957 3640 mecum
981 3575 1199 3657 reformidetis,
1223 3595 1261 3640 ne
1277 3594 1334 3658 ego

209 3680 394 3765 quibusdam
416 3681 496 3746 forte
520 3679 711 3762 displiceam,
736 3679 779 3743 mi
803 3677 977 3744 dulcissimi
991 3697 1027 3743 11
1042 3677 1238 3743 dilectissimi
1261 3679 1334 3744 mei.

173 3785 395 3867 coadulescens,
426 3804 518 3867 quem
541 3783 581 3848 ad
611 3801 666 3849 uos
696 3784 778 3867 misi,
808 3784 1000 3868 Agrippinae
1031 3802 1102 3848 oum
1132 3784 1197 3849 suis
1227 3784 1365 3866 captust

209 3891 275 3970 est,
310 3890 464 3972 quondam
498 3889 583 3953 inter
615 3907 687 3953 suos
719 3906 792 3953 non
813 3888 902 3970 parui
934 3886 1086 3969 nominis,
1122 3887 1242 3952 familia
1275 3905 1336 3951 non

261 4075 274 4128 1
294 4076 440 4144 imeriptm
458 4077 529 4130 deest
547 4076 579 4129 in
601 4075 623 4130 0
722 4076 751 4128 ll
771 4078 830 4129 tum
850 4075 994 4129 Pithoeus:
1014 4091 1072 4128 cum
1096 4075 1118 4129 O
1212 4075 1246 4128 25
1263 4073 1335 4141 agri·

208 4161 287 4229 pinae
310 4162 411 4216 (litem
430 4164 467 4216 30
