3076 4764
206 275 248 341 32
690 270 849 325 Saluiani

206 465 330 545 quidem
360 463 502 546 superius
524 480 611 528 sacer
633 481 734 528 sermo
765 463 900 528 testatus
923 463 982 541 est
1013 461 1086 543 quia
1108 461 1188 526 oculi
1211 463 1331 528 domini

205 566 456 650 contemplantur
480 566 574 631 bonos
599 567 631 631 et
653 567 762 632 malos.
793 568 847 632 sed
869 566 897 630 si
920 568 1116 631 etiamnunc
1137 563 1185 629 nis
1206 565 1330 647 plenius

203 670 349 753 probare,
378 670 496 752 respice
518 668 593 751 quid
616 672 781 750 sequatnr3
816 669 873 734 hoe
896 669 980 734 euim
1003 667 1161 734 subditur:
1195 668 1331 735 uultus

203 776 331 838 autem
361 771 507 837 domini
537 789 652 854 super
681 770 880 839 facientes
911 774 1029 858 mala,
1059 772 1104 838 ut
1124 770 1262 854 perdat
1285 770 1330 835 dc

203 880 316 941 terra
344 875 569 941 memoriam
599 892 738 940 eornm.
773 875 860 941 uides
891 878 1007 959 absque
1030 875 1141 956 dnbio,
1172 874 1248 958 qnia
1268 891 1363 940 none

202 983 291 1065 potes
314 979 418 1062 queri,
450 978 531 1060 qnod
553 995 615 1043 non
637 978 768 1062 aspiciat
790 980 886 1046 etiam
908 981 1041 1047 iniustos
1065 979 1157 1060 deus,
1185 976 1259 1061 quia
1280 977 1329 1043 in-

202 1083 325 1166 tellegis
346 1080 524 1164 generalem
546 1080 672 1164 quidem
695 1100 762 1147 esse
783 1084 816 1147 in
831 1101 938 1150 omnes
961 1084 1080 1150 domini
1101 1083 1254 1148 amionem
1276 1079 1330 1145 sed

202 1185 384 1251 meritorum
418 1183 502 1250 fieri:
520 1182 726 1265 disparilitate
759 1184 926 1252 diuersam.
964 1186 1036 1253 boui
1067 1186 1179 1269 quippe
1217 1183 1329 1267 aspici·

202 1292 297 1354 untur
334 1290 369 1354 ut
402 1288 640 1367 conserpentes,
669 1288 747 1353 mali
776 1288 812 1354 ut
845 1289 1082 1371 disperdantur:
1117 1308 1188 1354 cum
1215 1285 1330 1371 quibus

201 1392 309 1475 utique
332 1395 455 1476 partem
478 1394 510 1456 et
531 1390 598 1474 ipse
613 1389 743 1470 habens,
768 1392 822 1474 qui
842 1390 984 1459 homines
1002 1393 1091 1457 adeo
1109 1391 1207 1474 aspici
1222 1407 1364 1474 negaturo

201 1515 262 1562 non
293 1497 395 1561 solum
423 1497 525 1562 uideri
548 1500 579 1561 te
603 1514 622 1560 a
644 1495 770 1560 domiuo
792 1495 952 1561 euidenter
973 1496 1138 1580 intellege,
1170 1493 1225 1559 sed
1246 1496 1328 1578 peri·

201 1602 308 1664 turum
343 1619 463 1683 quoque
497 1597 715 1665 indubitanter
748 1614 895 1681 agnosce.
930 1616 1004 1663 nam
1032 1617 1104 1663 cnm
1133 1602 1172 1664 ad
1199 1598 1258 1663 hoc
1286 1596 1330 1662 sit

200 1702 308 1767 uultus
331 1702 448 1767 domiui
471 1721 562 1785 super
585 1700 737 1766 facientes
758 1702 852 1781 mala,
876 1702 912 1766 ut
930 1702 1043 1784 perdat
1057 1702 1094 1766 dc
1109 1706 1194 1765 terra
1207 1718 1327 1765 memo-

201 1806 280 1869 riam
303 1822 424 1883 eornm,
456 1822 578 1869 necesse
601 1803 662 1876 est,
693 1805 731 1869 nt
752 1804 806 1887 qai
833 1807 969 1887 aspicere
990 1805 1040 1870 dei
1063 1804 1190 1868 uultum
1212 1803 1328 1886 perfide

201 1924 311 1990 negas,
342 1906 522 1989 aspicientis
544 1906 623 1971 iram
652 1907 826 1988 perditione
849 1925 1024 1991 cognoscas.
1059 1907 1156 1990 igitur
1179 1907 1216 1970 de
1239 1924 1384 1988 prae-1⁵w

201 2010 359 2076 senticae
382 2012 419 2074 de
442 2011 568 2092 aspectu
591 2010 639 2074 dei
662 2010 722 2074 iste
745 2010 914 2076 sufficiunt.

171 2149 191 2214 6
242 2147 284 2212 II.
315 2147 485 2214 Videamus
509 2166 599 2223 nunc,
623 2166 663 2214 an
686 2148 740 2231 qui
763 2148 892 2230 respicit
913 2153 1013 2232 regat,
1037 2168 1106 2214 cum
1129 2152 1235 2233 utique
1257 2149 1327 2231 ipsa

200 2250 278 2316 ratio
313 2251 482 2332 aspiciendi
516 2268 643 2316 eausam
666 2250 698 2316 in
722 2251 891 2319 schabest
921 2252 1132 2337 gubernandi,
1164 2253 1237 2336 quia
1265 2271 1326 2317 non

201 2353 321 2418 adhoc
349 2353 492 2437 respicit,
520 2354 565 2436 ut,
578 2373 649 2419 cum
673 2355 841 2436 aspexerit,
865 2355 1029 2437 neglegat,
1053 2357 1106 2439 qui
1128 2356 1250 2422 scilicet
1271 2375 1326 2438 per

199 2458 232 2522 id
253 2456 356 2540 ipsum
377 2475 438 2522 non
460 2458 626 2541 neglegere
654 2459 864 2541 intellegitur,
894 2458 968 2542 quia
989 2458 1144 2542 respicere
1168 2457 1360 2542 dignaturus

199 2560 382 2642 praesertim
413 2578 485 2624 cum
516 2561 658 2642 superius
690 2579 776 2627 sacer
804 2578 904 2624 sermo
934 2564 1070 2626 testatus
1101 2561 1143 2625 sit
1164 2561 1262 2626 malos
1285 2561 1326 2624 ad

198 2661 405 2744 perditionem
428 2680 447 2726 a
470 2661 526 2726 deo
554 2663 650 2745 aspici
681 2663 777 2727 bonos
806 2662 846 2727 ad
869 2663 1014 2728 salutem.
1048 2663 1106 2728 hoc
1127 2663 1193 2745 ipso
1216 2661 1324 2745 utique

199 2763 387 2846 dispensatio
423 2764 521 2829 diuini
554 2764 756 2847 gubernaculi
786 2765 1035 2842 demonstratur;
1072 2764 1129 2830 hoc
1159 2767 1207 2829 est
1241 2763 1324 2829 enim

198 2869 282 2934 iusta
314 2866 538 2950 gubernatione
571 2884 678 2949 regere
706 2869 738 2933 et
761 2867 898 2952 singulos
928 2886 1064 2950 quosque
1097 2866 1237 2932 homiues
1269 2883 1324 2951 pro

302 3072 318 3127 3
335 3071 407 3126 esar.
424 3071 466 3140 33,
486 3071 518 3125 rs

250 3262 265 3315 1
291 3262 410 3315 testatur
437 3259 466 3313 B
577 3260 594 3313 2
620 3259 705 3314 malos
728 3263 756 3315 et
779 3261 863 3315 bonos
886 3261 927 3326 B,
954 3262 1018 3316 item
1035 3264 1064 3314 A
1084 3261 1131 3315 sed
1148 3262 1192 3316 bic
1209 3261 1324 3318 3331133113

198 3347 422 3417 trampoea'tiouts
438 3347 526 3417 319313
543 3345 577 3412 cf.
596 3362 686 3416 capra
704 3345 808 3410 33192
910 3347 926 3400 6
950 3349 1025 3415 putee
1048 3347 1090 3400 B:
1115 3348 1214 3415 potest·
1227 3349 1255 3402 A

198 3434 261 3502 qnia
277 3433 409 3504 intelleg.]
428 3433 475 3502 qui
492 3448 553 3486 eum
570 3432 707 3502 intellegis
725 3433 753 3486 B
857 3431 890 3487 10
906 3432 1004 3501 aspicis
1022 3432 1049 3486 Β
1154 3433 1186 3486 13
1210 3433 1322 3506 domiui]

197 3520 241 3574 dei
267 3520 340 3586 Bltl
453 3519 486 3574 14
502 3524 568 3588 poet
589 3534 679 3573 eorum
701 3518 765 3573 33131.
789 3519 830 3572 B:
857 3518 889 3572 de
906 3518 1102 3588 gubernacione
1120 3518 1236 3588 (adiecto
1254 3520 1322 3589 dci);

197 3606 243 3660 3333·
270 3607 404 3662 3333333113
430 3606 467 3671 Τ,·
494 3607 527 3663 133
549 3621 567 3659 r
588 3621 654 3660 uero
676 3610 729 3660 eat:
758 3604 792 3658 de
818 3604 1012 3673 gubernatione
1038 3604 1112 3658 omni
1223 3608 1323 3676 perfide

197 3691 411 3746 Rettersbuatns:
435 3706 482 3760 per
500 3691 579 3746 fidem
596 3691 651 3745 AB
757 3690 790 3744 16
807 3689 952 3743 sufiiciunt
981 3705 1018 3743 nn
1035 3705 1254 3748 enennnrrronn
1272 3711 1322 3749 nur

197 3776 237 3841 A;
260 3775 312 3840 cfr.
326 3775 364 3830 od
372 3776 467 3844 praef.
480 3781 525 3841 §1
619 3777 648 3832 17
662 3792 696 3830 an
708 3774 756 3845 qui
767 3791 838 3828 nunc
849 3775 877 3828 Β
969 3775 1003 3829 18
1013 3776 1078 3845 quia
1089 3777 1175 3832 adhuc
1187 3795 1239 3833 non
1251 3795 1320 3850 resp.

197 3863 224 3916 B
243 3864 373 3929 (ceteram
391 3861 479 3916 adhue
497 3864 577 3917 etium
594 3865 622 3919 A
639 3879 674 3917 m.
687 3867 710 3926 1,
727 3861 776 3916 aed
791 3876 812 3915 3.
828 3876 880 3916 333.
900 3878 915 3914 o
932 3878 966 3916 m.
985 3861 1089 3931 ecdem)
1180 3865 1321 3936 arrogare
1354 3852 1357 3858 ’

196 3950 224 4002 ct
241 3949 270 4002 in
288 3949 409 4017 singulos
427 3948 454 4000 A
473 3948 559 4016 (333313
575 3951 640 4016 fort.
660 3947 844 4018 colligendam
861 3953 899 4002 cet
914 3950 947 4002 ia
964 3952 1109 4022 mobetppo
1125 3952 1212 4017 faiam
1229 3968 1320 4022 regere

197 4035 237 4088 lin
255 4035 376 4103 singulos
398 4035 468 4089 mole
488 4036 590 4090 iterata
613 4036 723 4106 syllaba
736 4035 783 4088 rin,
798 4039 825 4088 et
848 4033 1014 4091 Saturionem
1037 4038 1189 4108 scripsisse:
1217 4053 1319 4108 regere:

197 4119 318 4188 singulos
336 4124 367 4174 ut
384 4120 419 4174 sc't
436 4121 588 4175 3331333133.-
614 4121 702 4187 „denn
724 4119 772 4173 das
796 4118 882 4173 heisst
905 4121 949 4175 die
968 4121 1042 4177 Welt
1059 4123 1166 4191 geracht
1184 4123 1318 4190 regicren:

194 4205 272 4274 jedcn
289 4205 425 4259 einzelnen
445 4204 586 4260 Menschen
604 4206 673 4261 uach
691 4207 791 4261 seinem
810 4204 967 4261 terdienste
987 4207 1174 4275 behandeln.“)
