3076 4764
579 505 750 573 epistolae
771 505 850 561 vnn
866 506 962 561 snm

581 793 812 879 Epistola
840 794 956 879 Villi

211 1002 375 1069 leomino
397 1021 438 1069 ao
462 1002 693 1069 beatissimo
724 1004 938 1087 discipulo,
973 1003 1096 1085 patri,
1127 1003 1234 1086 lilio,
1265 1005 1361 1087 perl

209 1106 512 1171 institutionem
534 1105 748 1187 discipulo,
772 1125 839 1189 per
859 1125 1028 1171 amorem
1051 1105 1160 1183 iilio,
1183 1125 1249 1187 per
1270 1106 1332 1171 ho-

317 1226 444 1273 norsm
469 1208 588 1291 patri,
610 1205 775 1273 Salonio
796 1209 979 1290 episeopo
1001 1208 1224 1274 Saluianus.

187 1358 199 1399 s
250 1328 378 1408 Quaeris
400 1348 419 1393 a
441 1347 500 1410 me,
523 1346 542 1393 o
563 1329 607 1392 mi
630 1326 747 1406 Saloni,
775 1328 888 1393 ueritas
910 1347 989 1406 men,
1018 1348 1074 1393 eur
1096 1328 1212 1394 libellis
1233 1347 1332 1410 nuper

207 1451 225 1496 a
249 1430 380 1513 spondam
404 1430 495 1494 hosius
517 1434 668 1513 temporis
690 1430 815 1496 homins
832 1435 872 1497 ud
887 1432 1049 1497 ecelesiam
1066 1432 1158 1497 iustis
1175 1431 1331 1496 Timothei
1351 1440 1355 1448 '

209 1552 319 1599 nornen
350 1535 534 1615 inseriptnm
565 1535 617 1599 sit.
655 1534 747 1600 addis
775 1536 944 1616 praeterea,
978 1534 1149 1616 quodnisi
1178 1533 1330 1598 rationem

209 1637 346 1702 rromirnli
363 1637 522 1702 enidsntor
537 1654 726 1719 expressero,
749 1638 825 1702 dum
841 1638 1042 1702 nominantur
1057 1636 1224 1714 Timothei,
1248 1638 1331 1702 inter

208 1739 351 1822 aprroryiu
384 1741 448 1804 sint
481 1741 615 1807 tortasse
647 1741 827 1823 reputandi.
861 1759 919 1824 ago
953 1742 1071 1825 gratias
1102 1745 1195 1823 atque
1222 1739 1362 1816 habeu2

175 1842 286 1927 monol
310 1842 349 1907 do
371 1862 421 1907 me
445 1845 490 1908 ita
521 1845 652 1922 inclinas,
684 1847 721 1909 ut
748 1846 900 1927 pertinere
928 1843 987 1909 lroo
1018 1843 1177 1908 existimes
1197 1847 1237 1909 ad
1258 1841 1331 1906 fidei

208 1966 294 2014 meas
317 1963 433 2024 euram,
462 1966 501 2013 no
524 1949 599 2031 qnid
621 1947 824 2014 ecelesiastici
847 1947 947 2030 operis
970 1946 1117 2014 uaoillare
1139 1946 1331 2028 permittam

207 2050 328 2117 seilicet
351 2052 386 2114 nt
408 2070 458 2116 ιιι
480 2070 623 2117 summae
644 2050 840 2117 salubritatis
863 2067 925 2117 non
947 2050 991 2116 sit
1012 2049 1141 2115 minoris
1163 2049 1256 2132 pretii
1276 2065 1332 2131 per

207 2152 360 2238 ‹opinionis
390 2156 550 2220 insertum.
585 2154 726 2220 euideere
752 2154 858 2238 itaque
885 2152 924 2218 ad
953 2152 1177 2218 excludendam
1205 2149 1332 2232 penitus

206 2258 337 2341 apooryii
370 2258 434 2323 stili
459 2259 667 2341 suspicionem
689 2259 785 2325 etiem
807 2258 866 2324 hoo
887 2257 990 2323 solnm
1011 2258 1143 2339 poterat,
1173 2256 1253 2337 quod
1275 2271 1330 2318 sn·

175 2360 308 2443 sperius
336 2360 470 2427 indiosoi
502 2362 597 2429 libros
620 2363 791 2429 neoterione
812 2359 1035 2444 disputationis
1057 2377 1125 2425 esse
1147 2359 1180 2422 et
1200 2376 1221 2422 s
1242 2373 1331 2440 prse-

207 2464 303 2528 sontis
326 2464 476 2547 temporis
504 2464 627 2530 homine
656 2464 834 2531 dinlnarnm
857 2482 961 2529 rernm
984 2461 1089 2529 stndio
1111 2463 1205 2544 atque
1226 2475 1332 2526 amore

207 2567 413 2650 ‹sonsoriptos3
438 2573 544 2634 oorsnt
566 2569 650 2634 onim
673 2566 818 2652 spooryia
840 2565 1023 2649 suspitione,
1047 2564 1100 2650 qui
1123 2564 1332 2648 agnosonntnr

207 2669 362 2735 'l'inrothoi
399 2670 529 2752 apostoli
564 2687 623 2737 non
655 2670 762 2737 inisse.
798 2669 853 2736 sod
887 2668 1018 2753 requirit
1052 2667 1184 2733 forsitan
1217 2661 1361 2746 onoma

207 2773 275 2859 spuis
309 2774 360 2839 iile
393 2777 500 2839 anoton
531 2773 585 2852 sit,
617 2772 646 2839 si
668 2774 825 2858 spostolus
858 2790 919 2840 non
951 2773 1011 2852 est,
1043 2771 1076 2836 et
1104 2770 1211 2835 utrum
1238 2782 1332 2832 sunm

172 2878 323 2945 ooliiroilis
346 2877 420 2961 ipsis
442 2895 483 2944 sn
504 2876 642 2943 alienum
656 2892 768 2943 nomen
789 2872 992 2959 inreripserit.
1015 2888 1126 2938 nerum
1140 2874 1205 2937 est:
1228 2866 1332 2954 potest

208 2984 264 3047 hoo
294 2981 420 3065 quidem
449 2978 557 3065 quaeri
580 2981 612 3046 et
632 2974 730 3046 reete'
744 2978 911 3061 queantur,
940 2976 968 3042 si
999 2972 1162 3058 inquisitio
1184 2970 1269 3037 nolet
1291 2966 1331 3034 sd

209 3086 345 3150 trootnm
368 3084 504 3168 aliquem
526 3081 696 3168 peruenire.
729 3080 880 3156 osterum,
912 3080 939 3145 si
962 3076 1153 3145 inirnotnosa
1175 3075 1233 3152 est,
1255 3068 1330 3154 qnid

207 3206 330 3255 neeesse
359 3193 406 3254 est
428 3192 464 3253 nt
487 3186 604 3254 isborst
631 3182 804 3263 euriositas,
833 3200 906 3250 oum
934 3179 1110 3267 protentum
1139 3172 1329 3243 onmomtstis

206 3308 268 3357 non
292 3289 334 3357 sit
357 3288 502 3357 habiture
523 3286 683 3373 eopnltiot
715 3286 749 3353 in
774 3285 858 3351 omni
887 3284 969 3351 enlm
992 3280 1150 3349 uolumine
1172 3275 1330 3362 protentus

257 3579 268 3633 1
289 3578 361 3635 trono
379 3576 455 3649 epist.
472 3575 505 3631 tn
522 3590 579 3632 soro
597 3578 707 3631 motum
724 3570 783 3631 oet.
798 3570 890 3629 Poris.
904 3571 977 3628 2786
989 3568 1038 3639 (Β)
1056 3571 1195 3624 seruatam
1207 3569 1233 3620 st
1248 3576 1331 3634 proe-

204 3666 314 3720 mtssom
333 3679 388 3720 sese
406 3660 483 3719 libris
509 3654 547 3718 oet
570 3658 707 3718 eoelestom
728 3657 761 3714 oo
782 3656 930 3714 dits-Ber.
947 3672 974 3726 p·
993 3659 1026 3711 st
1050 3653 1219 3713 monitionum
1247 3662 1331 3719 paors

203 3750 353 3807 ιιιιιιιιιιιιι
387 3748 484 3804 sorios
519 3746 672 3817 soporos
706 3742 835 3802 editionis
867 3741 1005 3814 prisdpis
1034 3742 1078 3809 (p)
1107 3736 1169 3794 tots
1202 3733 1332 3791 distorti

204 3836 332 3892 liositeoe
361 3838 443 3903 idttrp
473 3833 521 3905 proi
548 3848 581 3889 so
607 3848 660 3902 poso
686 3828 779 3889 oods'oe
805 3833 909 3885 tentum
932 3827 1078 3896 sorpserit
1100 3840 1156 3879 oon
1180 3823 1262 3892 liquet

204 3936 311 3979 rsorrrr
336 3933 468 3977 srrsrons
492 3930 625 3975 ssnnrssr
650 3930 688 3972 sn
711 3916 832 3971 esnosrd
852 3914 879 3969 Β
985 3912 1002 3967 2
1028 3909 1331 3966 Domino-Saluianus

203 4024 292 4079 om.p
395 4004 488 4063 llllllo
505 4008 534 4060 et
551 4002 624 4075 putri
639 4020 662 4073 p
763 3999 905 4057 bisaltas
925 4000 952 4054 Β
1055 3996 1216 4066 dqumdsm
1236 3994 1262 4047 Β

203 4094 267 4150 tsotl
293 4093 319 4149 Β
422 4092 440 4147 e
463 4090 584 4162 spoprlts
605 4088 633 4145 Β
735 4090 817 4158 stqne
839 4086 923 4142 habeo
941 4089 1021 4153 (noro.
1040 4099 1074 4138 eoo
1093 4081 1175 4136 hoboo
1194 4097 1227 4133 m.
1248 4082 1275 4146 1)
1294 4078 1331 4140 B,

204 4180 244 4235 its
267 4182 299 4236 ιιι
323 4178 447 4248 olobsop
550 4172 911 4232 solesmenses
938 4163 1332 4227 itslndlosslieorr.m.t

202 4280 257 4323 reo.
357 4262 493 4321 existimes
510 4260 656 4319 Hotsstem
684 4259 792 4317 sstlmes
810 4258 837 4314 Β
863 4256 987 4313 sestlmos
1006 4254 1065 4310 edd
1168 4250 1201 4304 14
1218 4242 1331 4339 apogrffi

201 4350 261 4407 still
285 4347 460 4423 suspitionem
483 4346 525 4416 Β,
547 4347 635 4419 mesto
649 4351 711 4418 poet
737 4343 856 4416 spoorlls
960 4342 991 4396 lt
1016 4335 1145 4394 neuterioi
1164 4333 1223 4399 (sio)
1242 4328 1329 4388 dett·

201 4437 318 4494 tationes
338 4436 398 4505 (sio)
417 4434 446 4492 Β
550 4434 584 4489 tt
600 4431 740 4505 peruenire
757 4430 804 4487 sed
821 4446 849 4484 re
866 4429 897 4483 io
915 4443 969 4482 roe.
989 4425 1016 4479 Β
