3076 4764
545 300 583 352 de
601 298 738 367 gubern.
757 298 810 354 dei
829 300 843 355 Ι
862 304 878 366 5
895 301 1007 356 31-35.
1298 307 1338 372 17

210 492 359 553 terram
388 488 654 570 quadraginta
681 488 822 555 diebus
844 491 883 556 et
912 491 1184 576 quadraginta
1215 495 1338 562 nocti·

209 594 287 658 bus.
322 592 355 655 ot
376 589 472 674 paulo
493 593 579 673 post:
610 595 841 676 cousumpta
870 594 930 659 est
958 595 1083 660 omnis
1106 613 1209 674 caro,
1239 616 1338 680 quae

209 693 444 760 mouebatur
466 712 583 776 super
606 697 766 761 terram.
800 698 832 761 et
857 694 1022 780 deinceps:
1056 698 1253 764 remansit
1275 710 1336 765 au·

209 802 286 864 tem
308 797 418 863 solus
435 795 515 862 Nos
536 798 575 862 et
596 797 663 881 qui
686 815 770 864 cum
793 815 833 865 eo
855 801 969 866 erunt
990 803 1031 865 in
1051 818 1150 866 urea
1183 799 1235 866 hio
1256 820 1338 867 nunc
1440 804 1442 810 '

209 903 365 983 requirere
398 900 528 966 abillis
559 901 642 980 uolo,
675 900 729 985 qui
761 901 954 970 incuriosum
987 921 1092 969 rerum
1126 904 1337 970 humanarum

209 1005 368 1087 appellant
401 1007 510 1082 deum,
543 1022 583 1069 an
612 1003 669 1068 illo
698 1005 837 1088 tempore
858 1006 909 1070 uel
933 1023 1059 1072 curasse
1080 1026 1152 1071 eum
1174 1007 1339 1073 terrestria

210 1109 337 1173 credant
366 1106 417 1172 uel
445 1107 623 1173 iudicasse?
656 1110 732 1190 puto
762 1109 847 1174 enim
873 1127 936 1174 non
963 1110 1114 1177 iudicauit
1137 1110 1261 1176 tautum
1282 1111 1337 1177 sed

210 1212 306 1276 etism
336 1210 504 1294 dupliciter
532 1210 703 1288 iudicauit3
737 1229 813 1276 nam
841 1215 873 1277 et
896 1214 971 1277 dum
1000 1213 1107 1280 seruat
1128 1212 1226 1279 bonos
1248 1213 1337 1295 pium

209 1333 242 1379 se
262 1313 500 1392 retributorem,
529 1314 562 1379 et
592 1315 668 1380 dum
698 1316 882 1381 condemnat
913 1315 1012 1382 malos
1035 1335 1180 1384 seuerum
1202 1318 1336 1383 iudicem

174 1416 435 1500 rocomprobauit.
470 1418 525 1482 sed
557 1417 633 1484 baec
665 1417 797 1484 forsitan
830 1419 911 1503 apud
941 1419 1065 1497 stultos,
1096 1418 1170 1502 quia
1191 1423 1265 1484 ante
1289 1420 1389 1489 ‹ii-34

208 1520 346 1598 luscium,
369 1522 489 1598 idest,
512 1524 600 1603 quasi
621 1521 683 1596 alio
705 1523 839 1605 quodam
862 1522 985 1588 saeculo
1007 1522 1095 1605 gesta
1118 1522 1207 1604 sunt,
1231 1523 1336 1587 minus

209 1624 405 1690 auctoritatis
426 1624 541 1690 habero
562 1623 743 1691 uideantur:
773 1625 861 1708 quasi
882 1643 957 1690 uero
980 1629 1034 1690 aut
1056 1625 1133 1691 tunc
1155 1624 1236 1690 alius
1259 1626 1335 1691 deus

209 1728 304 1792 fuerit
327 1728 384 1792 eut
403 1731 512 1810 postea
535 1728 668 1794 eandem
685 1725 795 1793 mundi
817 1745 924 1813 curam
945 1726 1061 1792 babere
1082 1727 1229 1792 uoluerit
1262 1745 1335 1809 pos·

209 1849 278 1895 sum
302 1830 428 1912 quidem
450 1830 555 1895 diuino
578 1848 706 1897 munere
733 1829 948 1912 persingulas
970 1832 1040 1911 post
1062 1829 1219 1895 diluuium
1241 1847 1335 1913 gene·

174 1936 344 2000 crationes
365 1936 494 2015 probare
525 1951 603 2015 quae
626 1933 707 2008 dico,
739 1935 793 1999 sed
817 1936 848 1997 et
871 1933 1041 1999 enormitas
1064 1934 1153 1999 uetat
1175 1936 1336 1999 ettamen

209 2039 294 2102 certa
316 2038 469 2119 quosdam
487 2053 523 2100 ac
538 2034 659 2100 maiora
675 2035 848 2114 sufficiunt,
869 2036 953 2118 quia,
975 2034 1144 2101 cumidem
1160 2035 1203 2100 sit
1219 2035 1335 2119 absque

208 2139 303 2204 dubio
325 2139 478 2205 meierum
508 2140 626 2220 pariter
648 2156 684 2204 ac
706 2138 863 2205 minorum
885 2139 970 2219 dous,
993 2139 1027 2204 id
1048 2139 1184 2222 prolecto
1207 2139 1334 2206 intelle-

208 2244 344 2328 gendum
366 2246 414 2307 est
435 2244 467 2307 in
489 2243 672 2325 munoribus,
695 2242 779 2324 quod
797 2243 833 2306 iu
853 2243 1023 2308 maioribus
1046 2242 1277 2324 comprobatur.

250 2345 340 2411 VIII.
364 2345 466 2428 Igitur
489 2362 560 2409 cum
582 2348 653 2428 poet
675 2345 832 2411 diluuium
846 2345 1040 2428 generationi
1062 2344 1224 2411 hominum
1241 2346 1387 2416 bene-35

173 2451 337 2515 edixisset
368 2450 458 2526 deus,
488 2448 673 2514 immensam
702 2448 865 2514 homiuum
893 2448 1129 2514 multitudinem
1160 2448 1334 2514 benedictio

207 2555 274 2636 ipsa
294 2556 484 2637 generasset,
509 2551 647 2634 loquitur
669 2552 709 2616 ad
731 2550 894 2616 Abraham
916 2551 1062 2617 dominus
1085 2572 1101 2617 e
1125 2550 1224 2632 caelo,
1246 2550 1335 2616 iubet

208 2661 243 2722 ut
266 2658 388 2721 deserat
416 2661 534 2721 terram
564 2675 663 2739 suam,
692 2654 832 2738 inquirat
861 2655 1006 2720 alienam.
1039 2655 1171 2720 uocatur
1194 2652 1335 2736 sequitur

207 2760 372 2825 adducitur
394 2759 585 2838 conlocatur,
608 2759 646 2822 fit
668 2759 706 2822 de
728 2777 862 2840 paupere
883 2759 1022 2841 locuples
1038 2759 1076 2824 do
1090 2758 1196 2841 ignoto
1212 2760 1333 2840 potens,

208 2862 333 2927 iniimus
354 2861 600 2945 peregrinatione
624 2860 902 2926 excellentissimus
926 2860 1090 2941 dignitate.
1121 2861 1174 2926 sed
1196 2879 1235 2925 ne
1257 2861 1335 2925 haec

173 2968 325 3042 notamen,
347 2982 424 3046 quae
447 2963 476 3028 ei
499 2964 575 3030 data
596 2963 686 3029 adeo
704 2963 836 3043 fueraut,
859 2963 997 3029 muneris
1014 2965 1138 3028 tantum
1153 2963 1334 3029 uiderentur

207 3065 302 3132 fuisse
329 3086 392 3133 nou
420 3066 535 3144 meriti,
564 3067 618 3148 qui
640 3066 815 3132 laetabatur
836 3068 992 3151 prosperis
1014 3067 1162 3149 probatur
1185 3064 1333 3130 aduersis.

207 3172 348 3255 sequitur
370 3171 483 3254 quippe
498 3169 585 3236 labor
600 3171 775 3255 periculum
789 3169 901 3237 timor:
932 3173 1060 3235 uexatur
1076 3168 1334 3251 commigratione

308 3375 325 3426 2
343 3373 408 3428 Gen.
426 3373 503 3438 121
604 3373 639 3426 21
657 3373 723 3428 Gen.
741 3371 816 3437 12,1

258 3543 471 3598 themanarum
486 3559 508 3597 s.
527 3545 544 3598 l.
563 3559 598 3597 m.
616 3546 635 3597 2
654 3543 683 3596 Β
785 3543 802 3596 6
823 3543 960 3597 terrestria
978 3559 1011 3597 ero
1028 3527 1197 3596 terrestrium
1216 3557 1284 3596 corr.
1303 3542 1335 3596 iu

206 3646 223 3682 v
242 3629 442 3684 Brassicoccs:
468 3632 625 3684 terrestrem·
642 3629 669 3682 A
698 3628 839 3684 terrestris
862 3630 891 3683 B
917 3629 1109 3696 (terrestrium
1128 3628 1205 3683 baud
1222 3629 1277 3684 scio
1295 3645 1334 3682 on

206 3720 277 3769 recte
295 3721 327 3770 et
344 3717 380 3769 sot
397 3715 570 3785 praecisurus
589 3714 721 3770 Halmius
738 3715 771 3783 cf.
784 3715 863 3782 iufra
874 3732 897 3770 c.
913 3715 1013 3770 VHII
1027 3716 1105 3770 icit:
1123 3731 1214 3770 curare
1231 3716 1333 3784 pariter

206 3817 250 3854 res
279 3801 409 3855 humanas
438 3800 534 3866 deum3
569 3801 643 3871 quod
671 3801 808 3857 antecedit
837 3802 1015 3855 humanarum
1046 3802 1218 3870 corruptelae
1248 3817 1335 3856 ceusu

204 3886 270 3952 fcit)
359 3886 393 3940 10
404 3887 558 3954 ciprobauit
570 3887 598 3942 A
616 3886 755 3956 dprobeuit
765 3888 794 3941 Β
890 3887 921 3940 11
933 3885 1060 3956 quo-dam
1073 3887 1134 3954 (sic)
1146 3903 1177 3942 u:
1195 3889 1332 3956 quondam

206 3973 261 4027 AB
366 3972 399 4026 12
421 3975 469 4028 aut
491 3989 541 4028 ore.
565 3972 593 4026 Β
695 3973 765 4028 alius
787 3973 851 4027 deus
869 3974 935 4026 tunc
957 3972 985 4026 Β
1089 3972 1123 4025 14
1145 3972 1335 4042 persingulas

205 4057 232 4111 B
250 4060 317 4113 21³.ss
334 4058 399 4113 cdd.
488 4059 520 4113 18
538 4058 718 4126 conprobatur
735 4059 763 4113 Β
852 4058 887 4114 20
908 4058 1107 4127 inmensamque
1124 4058 1152 4112 Β
1239 4058 1332 4112 2111-

205 4143 270 4198 bens
288 4161 323 4200 ec
339 4145 416 4200 iubet
433 4146 465 4203 icc
481 4161 499 4200 v
516 4145 690 4202 Broruaoos
792 4147 827 4202 25
844 4146 984 4207 uideretur
1001 4145 1029 4202 B
1127 4145 1162 4200 26
1179 4161 1233 4200 uon
1250 4145 1334 4200 fuisse

204 4230 295 4285 meriti
312 4232 341 4285 B
365 4253 372 4265 „

255 4332 334 4387 VIII.
1211 4334 1228 4387 2
