3076 4764
89 246 143 304 XII

87 438 124 511 in
158 435 334 511 fasciculo
367 459 678 534 pergamenarum
712 433 753 504 in
786 428 1010 506 bibliotheca
1042 433 1220 508 Bernensi

87 556 278 633 alteram
267 580 308 630 m
341 555 467 630 codice
492 553 661 627 Parisino
698 577 812 651 supra
847 551 945 626 dicto
978 554 1150 652 repperit,
1186 566 1222 630 et

87 673 168 776 ipse
203 675 342 752 contuli
369 687 406 749 et
438 700 522 748 cum
548 672 698 748 Halmio
734 673 879 772 signaui
910 671 1029 747 littera
1063 673 1107 769 O,
1136 703 1220 774 gra-

88 798 228 872 tissime
267 793 465 870 adiutus
455 792 590 890 insigni
617 786 834 867 liberalitate
862 791 1106 868 bibliothecae
1133 797 1220 870 Ber-

89 918 223 1009 nensis,
266 939 362 1013 quae
387 913 596 1010 fragmenta
624 911 823 986 Bernensia
861 912 937 988 huc
971 906 1221 1029 transmittere

89 1063 166 1110 non
192 1034 388 1110 dubitauit.
910 1056 912 1060 ’

141 1174 290 1246 Nonam
316 1196 406 1244 uero
434 1166 654 1273 epistolam,
673 1194 747 1266 qua
774 1168 971 1246 Saluianus
998 1171 1129 1247 edocet
1155 1198 1222 1248 cur

88 1283 204 1365 ‘libris
231 1291 306 1365 IIlI
332 1289 381 1364 ad
405 1283 622 1364 'Ecclesiam'
648 1289 834 1363 Timothei
858 1318 995 1366 nomen
1012 1319 1089 1366 non
1113 1319 1221 1367 suum

89 1411 328 1511 inscripserit,
356 1409 457 1484 solus
479 1408 595 1484 codex
613 1407 801 1482 Parisinus
819 1436 855 1484 n.
876 1413 977 1486 2785
996 1437 1090 1486 saec.
1112 1411 1223 1487 VIIII

90 1531 247 1606 exhibet.
291 1532 443 1605 eandem
481 1542 518 1604 et
544 1529 798 1605 Siehardus
830 1530 1004 1631 princeps
1038 1531 1156 1607 editor
1182 1533 1221 1606 in

90 1677 157 1725 suo
184 1651 370 1725 nescimus
395 1675 468 1748 quc
495 1650 589 1724 libro
615 1651 815 1724 inuenerat.
857 1650 968 1724 etiam
995 1652 1095 1726 hune
1122 1652 1220 1727 codi-

90 1795 170 1844 cem
208 1771 288 1868 ipse
328 1767 467 1844 contuli
507 1778 543 1842 et
584 1768 754 1843 editionis
795 1769 1053 1844 Sichardianae
1094 1771 1220 1869 (Basil.

92 1869 344 1990 1528)'quam
371 1888 554 1987 inspicere
580 1886 786 1962 non'licuit
803 1890 928 1963 uarias
955 1891 1157 1988 scripturas
1177 1917 1221 1965 ex

88 2009 229 2083 Halmii
255 2008 415 2084 editione
442 2007 558 2082 adieci
583 2008 636 2080 ita
653 2019 695 2082 ut
713 2008 850 2082 codicis
868 2010 1070 2108 scripturas
1095 2009 1220 2084 littera

88 2129 126 2204 B
152 2128 321 2204 editionis
347 2127 524 2227 principis
550 2127 721 2225 litterap
751 2129 946 2226 signarem.

140 2283 269 2358 Restat
294 2280 535 2358 breuiuscula
562 2281 717 2381 epistola
734 2293 866 2357 octaua
894 2283 934 2357 in
958 2283 1129 2384 pluribus
1157 2285 1220 2360 ad-

90 2403 163 2478 huc
206 2404 395 2479 codicibus
435 2413 591 2504 reperta,
634 2402 673 2475 in
706 2401 839 2501 quibus
873 2403 1094 2510 plerumque
1120 2431 1221 2504 prae·

88 2522 202 2597 missa
236 2536 392 2623 apparet
416 2522 634 2598 Eucherii
668 2522 796 2597 libello
824 2513 882 2599 ‘de
914 2525 1081 2598 formulis
1117 2525 1221 2623 spiri-

89 2642 173 2716 talis
200 2641 489 2740 intellegentiae,
519 2642 642 2742 quode
669 2641 708 2715 in
733 2642 815 2742 ipsa
834 2643 987 2743 epistola
1004 2669 1124 2717 sermo
1153 2656 1218 2718 est.

90 2760 277 2836 codicibus
316 2762 492 2836 Parisinis
532 2765 580 2837 ab
622 2761 813 2837 Halmio
854 2761 1040 2866 adhibitis,
1085 2763 1223 2838 scilicet

89 2909 125 2955 n.
155 2884 279 2955 95559
318 2881 512 2956 saec'VlI
545 2908 573 2956 s.
594 2883 685 2957 VIII
704 2915 750 2948 =
770 2883 823 2976 A,
851 2909 886 2958 n.
914 2885 1044 2956 12237
1065 2882 1159 2976 (siue
1187 2885 1220 2961 S.

90 3000 211 3077 Germ.
240 2983 279 3074 ⁷n.
301 3003 390 3098 808)
417 3027 511 3077 saec.
531 3003 642 3077 VIIII
669 3029 697 3082 s.
724 3003 759 3077 X
779 3036 826 3069 =
845 3004 891 3094 B,
918 3029 955 3078 n.
977 3005 1099 3077 12236
1120 2997 1222 3108 (siue

90 3120 125 3198 S.
155 3119 277 3199 Germ.
297 3147 332 3193 n.
356 3121 444 3224 862)
471 3148 565 3198 saec.
585 3122 696 3198 VIIII
723 3151 751 3199 s.
770 3125 809 3197 X
828 3157 874 3190 =
899 3121 937 3217 0,
967 3121 1093 3197 addidi
1119 3123 1222 3196 Pari·

89 3244 210 3317 sinum
236 3268 274 3317 n.
296 3243 396 3319 2182
424 3267 517 3318 saec.
545 3242 639 3318 XIII
664 3277 711 3312 =
729 3245 787 3337 D3
816 3244 989 3343 quintum
1014 3268 1104 3316 uero
1132 3268 1220 3317 eun-

89 3363 248 3461 demque
282 3361 492 3435 Parisinum
526 3388 562 3436 n.
594 3366 693 3438 1792
729 3388 823 3438 saec.
852 3363 964 3438 XIIII
996 3374 1039 3437 ut
1072 3363 1222 3439 infimae

89 3493 199 3557 notae
228 3494 264 3556 et
289 3481 388 3556 uitiis
415 3492 617 3558 scatentem
643 3483 759 3558 omisi.

140 3634 306 3711 Ventum
331 3610 446 3734 igitur
473 3638 603 3713 estad

210 3753 453 3854 Timothei
478 3773 625 3850 libros
651 3776 726 3851 IIII
752 3777 808 3850 ad
835 3723 1104 3850 Ecclesiam

91 3934 226 4009 eosque
251 3907 378 3984 multo
396 3909 631 4011 priusquam
652 3912 765 3988 libros
791 3907 850 3986 ‘de
867 3912 1134 4010 gubernatione
1153 3911 1220 3988 dei

90 4027 312 4105 aSaluiano
326 4030 550 4128 compositos
573 4032 821 4132 uulgatosque
839 4043 876 4106 et
893 4030 1009 4130 uulgo
1036 4028 1222 4107 ‘aduersus

91 4149 294 4224 auaritiam'
323 4149 532 4249 inscriptos.
610 4177 612 4181 ·
