3076 4764
547 977 777 1075 LIBER
817 976 910 1073 ΙΠΙ.

175 1282 186 1337 χ
208 1254 234 1320 Ι.
257 1253 445 1320 Disoedatur
467 1253 574 1336 itaque
590 1254 712 1340 abillo,
735 1271 830 1336 quam
845 1251 1098 1338 supradiximus,
1123 1251 1321 1321 Christianil

166 1355 301 1423 neminis
323 1356 548 1440 praerogatiua,
573 1357 609 1421 ut
629 1358 784 1440 putemus,
807 1356 880 1439 quia
895 1355 994 1423 simus
1010 1356 1131 1424 eunetis
1146 1356 1293 1441 gentibus

165 1458 388 1543 religiosiores,
420 1458 531 1525 debere
560 1478 616 1525 nos
646 1477 714 1525 esse
742 1459 839 1525 etiarn
860 1458 1012 1525 fortiores.
1050 1478 1233 1538 namnum,
1256 1461 1293 1526 ut

145 1560 317 1646 oduinus,
345 1563 404 1628 hoe
431 1563 474 1627 sit
499 1561 635 1628 hominis
658 1559 830 1628 Christiani
852 1560 944 1642 fides,
976 1559 1110 1629 fideliter
1133 1561 1293 1629 Christum

167 1665 300 1746 eredere,
323 1669 355 1731 et
376 1666 434 1732 hoe
455 1666 499 1731 sit
513 1664 674 1731 Christum
696 1665 832 1731 fideliter
853 1664 984 1743 eredere,
1008 1661 1125 1730 Christi
1146 1668 1293 1733 mandata

166 1785 303 1847 seruare,
325 1769 362 1834 fit
383 1769 499 1851 absque
521 1769 615 1834 dubie
638 1770 674 1833 ut
696 1786 752 1834 neo
773 1768 868 1833 fidem
882 1766 998 1834 habeat
1019 1767 1073 1850 qui
1087 1769 1224 1835 infidelis
1246 1771 1294 1836 est

166 1888 223 1949 neo
245 1869 406 1938 Christum
434 1871 541 1937 eredat
571 1871 625 1953 qui
647 1869 764 1937 Christi
792 1871 940 1937 mandata
969 1871 1147 1947 ooneuleat‚
1179 1892 1215 1938 ae
1237 1892 1292 1957 per

165 1972 223 2039 hoe
254 1976 358 2040 totum
379 1975 413 2038 in
435 1973 469 2038 id
490 1974 680 2059 reuoluitur‚
712 1976 748 2039 ut
775 1973 831 2055 qui
854 1971 1024 2040 Christiani
1052 1974 1186 2041 hominis
1216 1994 1292 2058 opus

131 2094 226 2143 rouou
254 2077 335 2162 agit,
364 2076 561 2143 Christianus
589 2095 651 2142 uon
679 2096 745 2144 esse
774 2076 935 2154 uideatur3
969 2095 1082 2143 nornen
1111 2080 1196 2144 enirn
1226 2079 1292 2144 sine

164 2179 236 2245 aeter
268 2183 362 2264 atque
395 2182 497 2248 offieio
527 2199 581 2247 suo
611 2181 694 2247 nihil
723 2184 780 2246 est.
817 2198 908 2258 uam,
937 2180 1019 2246 sieut
1042 2181 1088 2246 ait
1110 2183 1236 2264 quidam
1258 2180 1292 2247 iu

164 2282 290 2366 seriptis
312 2286 393 2369 suis,
422 2287 495 2369 quid
518 2285 566 2349 est
587 2284 673 2349 aliud
696 2283 891 2367 principatus
919 2284 987 2347 sine
1009 2284 1195 2350 meritorum
1216 2287 1291 2351 sub·

164 2385 300 2454 limitata
321 2388 382 2454 uisi
403 2388 526 2454 honoris
548 2386 661 2452 titulus
684 2387 750 2452 sine
768 2386 903 2470 homine,
927 2389 983 2452 aut
998 2387 1072 2468 quid
1090 2389 1138 2452 est
1153 2387 1290 2470 dignitas

164 2489 199 2554 iu
219 2490 346 2574 indigno
367 2491 429 2558 uisi
451 2492 670 2557 ornamentum
692 2490 726 2555 in
748 2490 838 2555 luto?
872 2490 986 2572 itaque,
1008 2491 1044 2554 ut
1066 2488 1166 2555 isdem
1187 2489 1321 2558 uerbis2

130 2591 262 2660 usuam
291 2611 347 2659 uos
377 2597 518 2672 utamur,
548 2592 623 2676 quid
651 2595 698 2658 est
726 2592 813 2659 aliud
840 2597 985 2660 sanatum
1015 2594 1202 2661 uocabulum
1224 2594 1291 2660 sine

164 2697 276 2765 merito
309 2696 371 2763 nisi
405 2701 626 2762 ornamentum
654 2696 689 2760 iu
719 2697 809 2762 luto?
845 2698 927 2762 siout
961 2695 1056 2763 etiam
1084 2714 1141 2779 per
1168 2696 1291 2765 diuinas

163 2797 287 2867 litteras
316 2818 403 2867 eaeor
432 2817 532 2865 sermo
559 2801 695 2864 testatus
717 2802 765 2864 est
788 2797 909 2866 dicens:
944 2800 1120 2868 eiroulus
1150 2819 1292 2871 aureus

164 2900 204 2967 in
224 2903 390 2969 naribus
412 2904 513 2982 suis,
535 2901 682 2968 mulier
703 2903 871 2984 pulehra
893 2904 932 2968 et
953 2902 1075 2968 fatua.
1106 2903 1186 2968 etin
1202 2904 1290 2973 nobis

164 3004 271 3088 itaque
293 3005 506 3073 Christianum
534 3005 723 3073 uocabulum
750 3007 840 3089 quasi
864 3026 994 3075 aureum
1017 3006 1109 3072 denus
1132 3009 1196 3073 est:
1230 3025 1290 3090 quo

130 3107 193 3173 resi
214 3109 340 3192 indigue
362 3111 497 3194 utimur,
519 3110 556 3175 fit
578 3114 614 3176 ut
635 3129 706 3176 sues
729 3129 800 3177 oum
824 3115 1005 3181 ornamento
1028 3129 1093 3177 esse
1115 3111 1289 3176 uideamur.

120 3266 121 3272 ,
164 3211 296 3295 donique
318 3215 371 3296 qui
393 3214 465 3280 uult
486 3213 610 3298 plenius
632 3214 713 3281 seire
734 3213 886 3280 uoeahula
908 3212 990 3280 nihil
1012 3231 1080 3278 esse
1094 3214 1162 3281 sine
1184 3211 1319 3294 rebue‚3

266 3400 296 3455 11
320 3399 393 3455 Solu
412 3399 446 3457 ad
464 3401 527 3456 soal.
546 3399 584 3468 II,
605 3400 638 3453 37
743 3399 775 3453 17
794 3399 871 3454 Pron
892 3400 933 3466 11,
950 3399 985 3453 22

213 3569 231 3623 2
259 3570 416 3626 Discodatur
443 3587 477 3625 ea
502 3570 658 3625 Diseedituu
683 3569 716 3624 in
741 3587 759 3626 e
784 3586 854 3626 corr.
882 3570 1078 3626 Beroeaeus:
1107 3585 1237 3626 unsouuurr
1262 3572 1291 3626 A

164 3669 332 3710 nisenmun
353 3656 380 3709 Β
482 3669 540 3714 oua
562 3657 590 3710 A
619 3671 671 3725 que
695 3654 722 3709 Β
824 3657 841 3711 3
865 3656 964 3710 seimus
980 3655 1030 3711 sart
1047 3663 1173 3726 θραθθὴ.
1194 3657 1222 3710 A

163 3739 281 3795 4etiam
298 3758 348 3796 om.
365 3743 394 3796 Β
497 3743 513 3796 9
536 3740 653 3797 hominia
676 3742 704 3798 Β
807 3743 840 3796 10
857 3744 962 3812 nomen]
979 3747 1033 3798 non
1050 3745 1079 3798 A
1181 3744 1215 3798 13
1233 3744 1291 3798 sine

162 3826 269 3883 nomine
286 3827 315 3882 B
407 3828 441 3883 15
458 3828 621 3883 uocabulum
638 3829 678 3883 his
694 3829 775 3884 hahet
793 3829 819 3884 T
833 3829 881 3884 sed
898 3829 978 3884 semel
995 3833 1162 3898 punctatum,
1179 3831 1244 3887 item
1260 3848 1291 3893 o;

164 3910 238 3980 quod
259 3928 318 3968 non
339 3913 449 3970 matio
468 3913 603 3982 marma·
625 3914 692 3982 qaia
715 3920 840 3969 nostram
863 3913 897 3968 de
918 3915 1054 3970 communi
1071 3916 1214 3986 utriusque
1232 3915 1290 3972 ced.

163 3995 242 4061 sonte
257 3997 392 4054 indiam
409 3999 456 4066 (ef.
468 3998 620 4054 Sita-Ber.
627 4015 657 4067 1²·
670 4003 706 4054 18
713 4002 763 4070 sq.)
781 4000 943 4067 confirmare
954 4001 1068 4056 uidetur
1163 4002 1196 4058 16
1214 4018 1291 4059 orna·

161 4085 252 4137 mento
270 4083 298 4139 A
314 4083 362 4139 sed
378 4099 400 4138 s.
418 4100 433 4138 o
450 4083 500 4151 fia.
516 4099 567 4139 ser.
585 4100 621 4139 m.
640 4086 660 4138 2
678 4088 696 4137 ὴ
802 4085 833 4140 17
858 4087 974 4140 astatus
992 4090 1033 4142 ost
1052 4087 1079 4143 Β
1096 4103 1166 4143 sorr.
1184 4103 1219 4144 aa
1236 4089 1290 4143 tes·

161 4167 238 4221 tatur
341 4169 374 4223 19
391 4168 462 4238 quod
479 4168 502 4223 si
521 4158 550 4223 Β
