3076 4764
523 270 560 324 de
578 269 715 340 gubern.
734 269 788 324 dei
805 269 860 326 VII
885 271 1028 336 ane-58.
1280 272 1342 338 173

211 459 427 538 scribendum,
458 462 531 544 quia
560 461 644 525 recte
673 459 720 525 illi
749 459 793 525 rei
822 460 939 526 iactum
970 463 1170 541 adscribitur,
1200 480 1278 544 quae
1304 466 1341 527 ut

211 566 284 645 quid
306 563 405 628 fieret
419 566 530 648 exegit.
576 583 647 629 nam
672 564 705 629 et
726 564 890 640 homicida,
920 583 989 629 cum
1014 585 1032 631 a
1055 565 1155 630 iudice
1178 564 1339 643 occiditur,

211 684 266 732 suo
295 668 408 732 1111111
442 668 581 750 punitur,
616 668 648 731 et
681 668 762 732 latro
797 671 851 732 aut
881 669 1069 750 sacrilegus,
1105 685 1176 732 cum
1205 667 1340 732 flammis

211 770 358 846 exuritur,
382 771 447 835 suis
471 769 656 836 criminibus
680 772 903 836 concrematur.
928 772 1008 835 unde
1032 774 1064 836 11
1086 771 1165 853 quod
1189 770 1340 835 Wandali
1349 768 1393 834 56

189 874 250 938 aad
265 873 406 939 Africam
430 874 622 940 transierunt
636 891 697 938 non
719 874 767 937 est
783 873 908 939 diuinae
934 874 1097 939 seueritati
1120 874 1173 938 sed
1189 872 1340 938 Afrorum

210 977 320 1043 sceleri
343 977 572 1061 deputandum
596 976 686 1061 graui
703 976 785 1041 enim
809 994 869 1061 eos,
893 977 1056 1059 antequem
1076 976 1152 1041 illuc
1165 978 1338 1058 pergerent,

211 1097 247 1145 ac
262 1081 358 1164 longa
373 1081 541 1163 iniquitate
557 1081 727 1145 traxerunt.
753 1084 783 1145 et
799 1080 869 1145 ideo
884 1079 1066 1164 intellegere
1083 1079 1241 1159 debemus,
1266 1078 1339 1161 qaia

209 1183 336 1266 pietatis
360 1185 484 1249 diuinae
507 1184 584 1262 fuit,
615 1187 696 1267 quod
720 1201 850 1266 poenam
873 1183 927 1248 diu
953 1185 1089 1249 debitam
1111 1181 1247 1258 distulit,
1271 1183 1339 1264 pia·

168 1315 174 1329 ·
211 1287 352 1352 culorum
374 1291 480 1351 autem
504 1288 536 1351 et
552 1287 728 1365 criminum,
753 1287 834 1368 quod
856 1286 1023 1367 aliquando
1040 1288 1183 1368 pensator
1205 1288 1337 1367 populus

161 1411 202 1455 ,11
210 1408 288 1473 quae
315 1389 494 1455 merebatur
525 1390 654 1471 excepit.
699 1390 759 1453 1111
782 1389 863 1453 forte
886 1388 979 1453 Afros
1008 1388 1066 1453 hoc
1093 1406 1155 1453 non
1185 1388 1337 1454 meruisse

210 1493 373 1572 credimus,
397 1511 469 1557 cum
492 1494 600 1575 utique
623 1493 704 1557 nulli
718 1492 830 1575 magis,
854 1493 963 1573 utpote
981 1492 1106 1573 inques
1124 1492 1227 1556 omnia
1243 1492 1337 1557 simul

209 1597 445 1679 improbitatum
476 1597 569 1678 atque
597 1596 817 1677 impuritatum
848 1613 962 1678 genera
985 1593 1196 1659 confluxerint.
1243 1596 1389 1662 11111151

210 1700 292 1763 enim
321 1698 477 1773 homines,
509 1698 567 1762 etsi
589 1698 747 1762 nonnullis
771 1697 921 1762 uitiorum
943 1695 1072 1781 flagitiis
1100 1697 1230 1780 obligati
1253 1701 1337 1778 sunt,

209 1802 396 1882 quibusdam
418 1806 524 1865 tamen
547 1818 608 1865 non
631 1801 842 1883 implicantur,
872 1801 928 1865 etsi
951 1798 1206 1865 1111111111111
1229 1802 1339 1865 carent

176 1928 200 1970 11
208 1905 425 1970 maliuolentia
447 1906 560 1987 carent,
585 1903 646 1968 etsi
669 1903 799 1970 libidine
822 1904 970 1969 aestuant
993 1904 1163 1986 rapacitate
1186 1922 1247 1968 non
1271 1922 1337 1968 111-

208 2009 317 2073 uiunt:
344 2005 461 2071 multos
484 2006 631 2089 denique,
664 2007 724 2071 etsi
755 2009 879 2071 accusat
908 2005 1135 2071 incontinentia
1164 2024 1338 2088 corporum,

208 2109 393 2192 simplicitas
416 2110 614 2174 commendat
631 2111 816 2173 animorum.
841 2108 874 2172 in
890 2107 977 2172 Afris
993 2125 1064 2172 uero
1084 2126 1178 2190 paene
1195 2109 1338 2174 omuibus

208 2213 286 2278 nihil
309 2214 420 2277 herum
446 2214 509 2293 est,
543 2213 624 2294 quod
649 2211 688 2276 ad
710 2213 877 2293 utrumque
900 2211 1070 2292 pertineat,
1099 2211 1130 2274 id
1153 2213 1201 2275 est
1224 2213 1337 2276 bonum

208 2334 302 2399 aeque
326 2334 362 2380 ac
385 2315 514 2393 malum,
538 2316 611 2396 quia
632 2316 736 2378 totum
759 2314 925 2379 admodum
948 2313 1077 2378 malum.
1114 2315 1188 2378 adeo
1213 2313 1338 2379 exclusa

174 2444 199 2486 ao
207 2422 338 2485 naturae
353 2417 515 2502 originalis
530 2417 712 2482 sinceritate
728 2417 822 2481 aliam
838 2416 1064 2498 quodammodo
1075 2417 1108 2480 in
1125 2416 1173 2481 1111
1188 2421 1336 2483 naturam

206 2522 285 2588 uitia
308 2522 457 2587 fecerunt.

248 2660 357 2726 XIIII.
380 2659 525 2740 Exceptis
550 2657 632 2723 enim
654 2657 850 2741 paucissimis
873 2659 922 2723 dei
945 2657 1042 2723 seruis
1065 2659 1138 2741 quid
1155 2657 1216 2722 fuit
1232 2660 1333 2723 totum
1345 2658 1388 2724 58

206 2761 330 2828 Africae
364 2762 558 2828 territorium
593 2780 687 2844 quam
720 2764 829 2827 domus
862 2781 925 2826 una
954 2762 1120 2838 uitiorum,
1155 2780 1249 2827 aeneo
1283 2761 1332 2827 illi

205 2865 333 2943 similis,
369 2867 406 2930 de
442 2883 501 2947 quo
534 2865 685 2948 propheta
718 2866 809 2932 dicit:
843 2884 860 2930 o
891 2864 1041 2930 ciuitas
1073 2865 1330 2949 sanguinum!

173 2987 386 3048 aseneum,
416 2969 454 3033 in
482 2987 553 3051 quo
577 2970 637 3032 est
660 2986 821 3051 aerugo,
849 2987 922 3033 non
951 2969 1052 3034 exiit
1074 2970 1116 3034 de
1145 2987 1205 3046 eo,
1236 2969 1327 3052 quia

206 3072 367 3153 sanguis
390 3089 463 3136 non
486 3073 591 3136 exiet
614 3070 656 3135 de
681 3075 745 3135 eo?
768 3071 940 3150 ciuitatem,
956 3077 993 3137 ut
1008 3071 1161 3151 uidemus,
1185 3091 1278 3138 aeneo
1304 3074 1335 3137 et

205 3173 406 3254 iniquitatem
428 3173 572 3256 sanguini
601 3173 809 3255 comparauit,
838 3176 874 3237 ut
900 3174 1118 3258 intellegamus
1144 3174 1267 3241 scilicet
1290 3174 1335 3239 sic

205 3293 270 3341 esse
294 3278 326 3341 11
350 3277 478 3342 11111111
500 3277 606 3361 populi
630 3275 847 3359 iniquitatem,
874 3277 954 3341 sicut
977 3279 1009 3342 in
1031 3295 1125 3342 aeneo
1149 3278 1332 3360 sanguinem

307 3530 340 3584 24
359 3530 454 3588 Ezecb.
471 3530 514 3597 24,
533 3532 549 3584 6

224 3814 227 3817 ,
255 3769 372 3839 derigit
391 3771 418 3823 A
522 3769 709 3825 5seueritatia
726 3768 775 3823 aed
793 3785 806 3822 s
823 3768 871 3835 fito.
884 3771 982 3824 darae.
1001 3770 1029 3822 A
1133 3772 1163 3824 11
1183 3763 1278 3840 utpote
1297 3787 1334 3825 cc

203 3856 299 3923 utpute
323 3856 350 3909 A
373 3870 443 3910 corr.
465 3859 535 3909 m.1
637 3856 671 3908 13
697 3855 863 3923 flagitiorum
882 3855 959 3909 uitiis
985 3856 1013 3909 Β
1118 3857 1150 3912 19
1177 3856 1332 3912 ammodum

203 3940 231 3993 A
333 3941 367 3995 20
394 3941 549 3995 sinceritate
568 3957 601 3995 ccc
624 3941 779 3995 sentiritate
804 3942 831 3994 A
849 3956 919 3995 corr.
938 3945 1011 3997 m.2
1116 3943 1150 3996 23
1177 3945 1333 3998 territorum

202 4027 424 4096 11,-1111111111.
443 4029 454 4080 1
472 4028 499 4080 A
526 4064 528 4068 r
600 4028 633 4081 25
652 4028 707 4081 exit
723 4029 760 4094 Β,
785 4030 849 4083 item
865 4030 960 4083 1111111
972 4044 1028 4098 pro
1046 4030 1116 4083 exiet
1214 4031 1247 4084 26
1265 4024 1334 4085 ciui·

203 4114 258 4167 tate
282 4119 307 4168 et
331 4113 447 4168 uidimus
472 4119 499 4168 ct
516 4114 647 4183 scnguine
673 4115 700 4167 A
804 4115 838 4169 27
865 4117 1027 4185 comparauit
1054 4116 1082 4170 B
1107 4131 1175 4171 corr.
1203 4133 1236 4171 ccc
1263 4132 1332 4171 com·

203 4216 326 4268 paramus
