3076 4764
556 317 593 371 de
610 316 748 387 gubern.
768 316 821 370 dei
841 314 856 370 1
875 319 890 380 ς
908 315 1000 371 6-10.
1318 313 1336 378 7

213 511 382 577 laetantur.
427 526 511 573 oum
540 507 657 587 enim,
679 507 782 589 inquit
812 506 987 590 apostolus,
1016 503 1214 580 infirmor,
1243 502 1338 567 tuno

212 618 355 698 potens
378 631 469 677 sum.
492 629 548 676 neo
570 612 726 677 immerito
749 611 795 675 sio
811 608 989 687 arbitratur,
1014 610 1053 673 ad
1075 624 1167 688 quem
1182 607 1256 671 deus
1271 605 1338 687 ipse

214 719 258 782 sio
281 717 434 798 loquitur:
458 714 623 779 suffieit
650 714 727 780 tibi
751 713 885 797 gratia
907 722 1001 793 me'a5
1030 728 1117 775 nam
1144 706 1273 775 uirtus
1295 710 1337 773 in

213 818 458 884 infirmitate
479 817 707 900 perficitur.
730 833 924 898 nequaquam
938 814 1012 897 ergo
1026 812 1115 878 nobis
1137 812 1267 879 dolenda
1290 816 1337 878 est
1368 808 1388 874 9

190 922 288 987 ohaeo
318 919 452 986 adflictio
480 920 715 998 infirmitatum,
745 937 838 1002 quam
871 917 1084 1001 intellegimus
1110 918 1244 983 matrem
1273 936 1338 983 esse
1378 935 1381 939 ·
1452 947 1454 950 ⁴

212 1025 379 1092 uirtutum.
402 1026 508 1106 itaque
523 1022 671 1107 quioquid
686 1023 766 1087 illud
781 1022 885 1097 fuerit,
909 1021 1094 1105 quicumque
1111 1037 1183 1085 uere
1197 1019 1337 1104 religiosi

213 1132 296 1210 sunt,
319 1128 404 1193 beati
427 1146 490 1193 esse
514 1127 636 1193 dioendi
651 1130 736 1207 sunt,
759 1124 833 1209 quia
847 1124 929 1190 inter
945 1126 1116 1208 quamlibet
1133 1125 1210 1204 dura
1225 1143 1335 1207 quam-

213 1232 293 1296 libet
307 1250 413 1313 aspera
427 1231 507 1295 nulli
523 1230 676 1297 beatiores
692 1230 766 1295 sunt
780 1246 873 1311 quam
889 1229 942 1311 qui
956 1228 1015 1294 boo
1029 1232 1104 1292 sunt
1116 1227 1197 1310 quod
1212 1228 1332 1293 uolunt.

212 1335 331 1400 soleant
355 1335 510 1417 'quamuis
544 1354 609 1399 esse
644 1332 821 1408 nonnulli,
845 1331 898 1414 qui
935 1334 1040 1414 turqia
1077 1334 1168 1414 atque
1189 1332 1336 1412 ,obsoena

176 1459 202 1499 ro
212 1442 379 1519 sectantes,
412 1442 469 1504 etsi
491 1440 578 1505 iuxta
600 1439 773 1520 opinionem
796 1454 886 1502 suam
906 1436 993 1502 beati
1023 1437 1111 1517 sunt,
1139 1435 1211 1518 qnia
1234 1435 1335 1518 adipi-

212 1546 341 1608 sountur
364 1543 445 1624 quod
460 1544 579 1621 uolunt,
603 1562 636 1606 re
652 1543 758 1607 tamen
771 1540 849 1625 'ipsa
864 1542 947 1605 beati
969 1558 1030 1605 non
1052 1543 1135 1617 sunt,
1160 1538 1233 1620 quia
1255 1538 1335 1620 quod

211 1646 320 1712 uolunt
341 1646 425 1711 nolle
448 1645 626 1711 debuerant.
671 1644 809 1728 religiosi
831 1643 940 1708 autem
959 1642 1017 1707 boe
1040 1642 1159 1707 eunetis
1181 1642 1334 1706 beatiores

212 1751 296 1828 sunt,
320 1750 394 1830 qnia
410 1751 442 1814 et
456 1748 573 1813 babent
596 1766 674 1829 quae
689 1749 800 1811 uolunt
822 1750 853 1812 et
868 1748 1000 1812 meliora
1014 1763 1109 1828 quam
1123 1763 1202 1827 quae
1219 1745 1334 1810 babent

211 1855 333 1917 omnino
356 1853 469 1918 habere
492 1870 552 1916 non
574 1852 713 1934 possunt.
738 1851 825 1915 labor
847 1851 953 1932 itaque
976 1852 1009 1915 et
1029 1849 1179 1914 ieiunium
1203 1852 1234 1912 et
1256 1867 1333 1931 pau-

176 1973 200 2013 15
209 1956 313 2038 pertas
343 1957 375 2020 et
403 1955 569 2020 humilitas
597 1958 628 2019 et
650 1955 816 2021 infirmitas
845 1973 907 2019 non
930 1953 1073 2039 omnibus
1104 1956 1179 2019 sunt
1207 1961 1333 2019 onerosa

209 2058 414 2124 tolerantibus
430 2062 482 2124 sed
498 2058 630 2122 tolerare
651 2058 840 2123 nolentibus.
865 2058 931 2122 siue
947 2056 1031 2122 enim
1046 2057 1157 2140 grauia
1171 2058 1248 2141 baeo
1266 2057 1334 2123 siue
1359 2044 1361 2049 ⁷

208 2160 305 2237 leuia,
336 2157 458 2227 animus
481 2162 644 2226 tolerantis
667 2162 753 2227 faeit.
798 2179 871 2227 nam
893 2163 974 2227 siout
996 2161 1077 2226 nibil
1099 2163 1145 2226 est
1167 2165 1233 2226 tam
1256 2162 1332 2239 leue,

209 2264 291 2345 quod
314 2283 374 2328 non
398 2266 425 2329 ei
441 2282 534 2346 graue
550 2267 592 2328 sit
607 2265 660 2347 qui
675 2265 794 2329 inuitus
810 2263 895 2344 facit,
918 2265 964 2328 sio
987 2264 1066 2330 nibil
1080 2265 1127 2328 est
1144 2265 1212 2328 tam
1227 2282 1332 2347 graue,

207 2367 289 2449 quod
311 2386 371 2431 non
394 2367 422 2431 ei
445 2367 552 2449 quiid
575 2367 707 2433 libenter
730 2370 891 2449 exequitur
914 2368 983 2431 leue
1006 2386 1071 2432 esse
1093 2366 1249 2431 uideatur.
1274 2366 1332 2431 nisi
1344 2368 1384 2433 10

173 2471 288 2534 roforte
311 2469 448 2552 antiquis
470 2470 534 2535 illis
557 2471 677 2552 priseae
699 2471 827 2535 uirtutis
842 2470 930 2550 uiris,
946 2469 1062 2549 Fabiis,
1081 2469 1243 2548 Fabrioiis,
1260 2468 1332 2534 Cin·

209 2572 356 2651 sinuatis,
386 2591 483 2655 grane
514 2575 610 2638 fuisse
638 2573 866 2652 existimamus,
895 2576 975 2654 quod
997 2590 1145 2657 pauperes
1168 2576 1256 2638 'erant
1279 2573 1331 2655 qui

208 2676 322 2740 diuites
346 2695 413 2741 esse
429 2677 585 2755 nolebant,
609 2695 681 2742 oum
699 2677 804 2742 omnia
819 2677 940 2743 soilieet
955 2676 1058 2741 studia
1074 2695 1181 2742 omnes
1203 2677 1331 2741 conatus

207 2796 276 2842 suos
305 2780 344 2844 ad
373 2782 549 2844 eommunia
577 2781 788 2845 emolumenta
815 2781 988 2845 conferrent
1017 2784 1049 2845 et
1075 2784 1246 2865 orosoentes
1269 2779 1331 2846 rai-

206 2882 349 2961 publicae
371 2885 452 2947 uires
475 2883 599 2965 priuata
621 2885 803 2966 paupertate
832 2883 977 2950 ditarent.
1010 2882 1176 2968 numquid
1205 2894 1330 2966 paream

172 2982 296 3048 atillam
312 2985 388 3049 tuno
411 2989 627 3068 agrestemque
642 2987 743 3051 uitam
759 3005 830 3051 oum
846 2988 966 3072 gemitu
983 2988 1133 3052 etdolore
1147 2982 1330 3062 tolerabant,

206 3102 277 3148 oum
307 3088 386 3151 uites
410 3105 446 3152 ao
469 3090 601 3154 rusticos
625 3089 711 3155 eibos
732 3091 804 3155 ante
826 3091 908 3171 ipsos
932 3090 1044 3173 quibus
1075 3095 1219 3157 eororant
1248 3091 1330 3156 looos

206 3194 380 3270 sumerent,
411 3209 522 3273 eosque
544 3192 626 3274 ipsos
651 3211 759 3275 oapere
782 3192 842 3257 nisi
864 3193 903 3257 ad
925 3211 1088 3276 uesperam
1118 3213 1177 3259 non
1199 3195 1330 3260 liceret?

205 3293 356 3375 numquid
379 3314 470 3380 aegre
493 3296 643 3380 ferebant,
667 3297 747 3379 quod
771 3315 864 3362 auara
886 3317 923 3364 ao
938 3298 1036 3363 diuite
1053 3299 1240 3364 conscientia
1261 3299 1330 3363 auri

306 3518 321 3568 1
348 3517 378 3571 II
396 3517 454 3571 Cor.
475 3518 567 3585 12,10
669 3519 686 3572 3
712 3520 743 3574 II
762 3519 820 3575 Cor.
840 3521 880 3580 12.
899 3521 915 3573 9

255 3724 269 3774 1
289 3723 424 3792 apostolus
442 3723 544 3778 infime
562 3724 619 3792 ipse
638 3726 676 3778 sio
693 3726 747 3794 loq.
764 3726 792 3778 A
890 3726 907 3779 2
925 3725 988 3779 deus
1006 3726 1034 3778 B
1051 3741 1072 3780 s.
1086 3727 1103 3781 l.
1116 3727 1178 3784 odd.
1193 3729 1260 3781 Μ

202 3807 219 3861 3
236 3821 299 3861 nam
311 3834 325 3860 s
337 3809 367 3861 in
379 3833 419 3862 aaa
431 3825 494 3878 ergo
513 3810 541 3864 A
643 3812 660 3865 5
678 3811 864 3881 intellegimus
876 3837 915 3866 *a*
928 3813 1054 3880 quicquid
1071 3814 1098 3869 A
1192 3815 1217 3884 Ἰ6
1236 3814 1328 3884 religi·

201 3891 241 3946 osi
260 3918 299 3948 *a*
317 3894 383 3948 dura
401 3895 428 3947 A
532 3896 547 3950 7
565 3897 678 3951 ducendi
695 3898 774 3952 malit
792 3898 921 3952 Halmius
1019 3898 1036 3952 8
1054 3898 1184 3954 beatiores
1202 3925 1255 3955 sm
1273 3917 1328 3955 esse

200 3979 323 4032 nonnulli
348 3980 375 4032 A
479 3981 536 4035 dira
556 3984 584 4035 A
608 3998 677 4038 corr.
696 4000 730 4037 es
748 3983 865 4038 duram.
883 3987 904 4038 2
1008 3986 1024 4039 9
1047 3989 1129 4054 atque
1152 3985 1240 4041 aba„
1257 3989 1326 4056 qnod

201 4064 297 4117 nolant
319 4066 347 4118 A
451 4067 481 4120 ll
511 4084 539 4121 re
557 4093 596 4121 aa*
613 4084 668 4122 non
686 4072 751 4123 sunt
768 4095 807 4124 *a*
825 4071 874 4123 boo
892 4072 994 4126 eunctis
1019 4073 1046 4126 A
1152 4077 1182 4130 15
1208 4077 1235 4129 et
1254 4077 1327 4130 infir·

200 4149 283 4203 mites
300 4151 327 4204 A
344 4167 365 4204 a.
384 4152 400 4204 l.
419 4157 488 4205 oal
591 4154 624 4208 18
642 4156 666 4208 ei
685 4156 776 4224 granis
794 4171 846 4209 non
869 4156 897 4208 B
999 4158 1034 4213 24
1056 4159 1206 4214 ditarentur
1231 4162 1258 4214 A

200 4234 235 4290 28
253 4251 334 4292 auara
352 4253 382 4292 ao
400 4254 434 4292 es
451 4255 533 4293 auara
550 4256 566 4292 a
584 4255 653 4294 corr.
671 4240 698 4293 B
716 4245 787 4296 aaz
891 4244 959 4298 dim
977 4246 1034 4298 auri
1053 4248 1080 4298 A
