3098 4770
232 277 298 344 252
719 271 877 325 Saluiani

235 481 309 547 argo
342 467 417 528 sunt
438 481 457 527 a
478 461 628 527 mandato
657 460 716 537 dei,
750 479 826 544 quos
857 479 929 527 cunr
958 461 1043 543 ipsos
1069 461 1196 527 iusserit
1218 461 1293 527 deus
1315 462 1366 525 ui-

233 570 346 632 uentes
374 564 484 648 opibus
512 567 701 644 renuntiare,
730 565 781 629 illi
808 583 860 630 eas
887 566 1019 646 cupiunt
1045 565 1143 630 ctiam
1169 561 1204 629 in
1225 565 1365 648 cognatis

234 669 302 736 suis
323 671 440 734 mortui
461 669 637 752 possidere:
667 673 723 734 aut
745 687 839 752 quarn
861 669 955 750 longe
975 670 1016 734 ab
1037 687 1075 733 ea
1094 666 1259 731 deuotione
1281 669 1367 745 sunt,

174 784 201 807 ¹·
234 776 272 837 ut
294 771 480 836 exheredant
508 770 592 853 ipsos
620 773 803 854 eapropter
832 771 926 836 deum
954 771 1008 852 qui
1044 770 1228 835 exheredare
1255 770 1368 835 uolunt

228 875 343 940 :saltim
365 877 527 939 extraneos
556 876 683 956 prepter
705 877 761 938 ee?
798 874 909 956 quibus
938 873 1073 938 libenter
1094 872 1192 938 libere
1215 873 1400 937 diceremze

228 995 315 1061 ,quae
340 977 463 1042 insania
493 977 550 1054 est,
581 995 599 1041 c
622 975 809 1041 miserrimi!
843 976 880 1039 ut
907 976 1036 1042 heredes
1056 975 1135 1041 alice
1158 993 1367 1058 quoecumque

234 1081 370 1160 faciatis,
394 1098 450 1146 uos
472 1079 558 1161 ipsos
578 1083 684 1145 uestro
706 1079 917 1162 exheredatie3
943 1081 981 1144 ut
1003 1079 1083 1144 ahoe
1106 1078 1291 1162 relinquatis
1314 1081 1367 1145 uel

227 1181 323 1248 :breui
346 1183 472 1262 diuites,
495 1186 658 1266 nosipsos
680 1185 810 1247 aeterna
830 1182 1035 1248 mendicitate
1057 1183 1223 1248 damnatis
1255 1208 1258 1213 ¹

182 1330 225 1398 23
277 1321 332 1386 VI.
362 1319 424 1387 Sed
446 1320 567 1404 quaerit
587 1320 722 1385 fortasse
745 1318 870 1404 aliquis,
895 1319 971 1401 quid
993 1319 1035 1384 sit
1057 1317 1153 1402 istud,
1177 1321 1260 1402 quod
1281 1339 1366 1386 nunc

230 1409 304 1507 'pius
327 1425 431 1508 exigat
453 1428 560 1491 densa
575 1421 761 1489 Christianis
783 1441 838 1506 per
860 1423 1061 1508 euangelium
1083 1441 1215 1505 quama
1238 1423 1401 1488 Iudaeiero

226 1527 308 1594 “ante
329 1547 384 1610 per
406 1527 520 1610 legem.
557 1527 644 1593 certa
666 1528 758 1593 istius
779 1527 824 1593 rei
852 1528 933 1593 ratio
956 1530 1021 1592 est:
1047 1527 1118 1592 ideo
1141 1525 1224 1590 enirn
1246 1528 1365 1592 maiora

233 1624 318 1696 nune
345 1629 471 1696 domino
499 1634 604 1696 nostro
627 1630 790 1708 soluimus,
819 1631 894 1714 quia
919 1631 1039 1695 maiora
1061 1630 1218 1695 debemus.
1257 1628 1365 1694 Iudaei

235 1735 348 1816 quippe
380 1733 539 1798 habebant
571 1734 726 1816 quondam
760 1735 905 1802 umbram
942 1754 1047 1800 rerum
1086 1751 1142 1797 nce
1175 1731 1363 1797 ueritatem:

180 1907 184 1916 ‚
233 1835 343 1900 Iudaei
371 1836 498 1901 fuerunt
527 1836 610 1901 serui
639 1855 695 1901 nce
718 1838 875 1920 adoptiui:
910 1837 1020 1903 Iudaei
1043 1837 1230 1918 acceperunt
1251 1834 1364 1920 iugum

176 1941 184 1967 ·'
235 1957 290 2003 nos
313 1939 502 2019 libertatem,
523 1939 632 2005 Iudaei
656 1940 825 2006 maledicta
848 1959 904 2005 nos
919 1940 1067 2022 gratiam,
1090 1939 1198 2003 Iudaei
1219 1937 1365 2003 litteram
1373 1957 1400 1998 15

227 2041 477 2107 ’interficientem
498 2060 554 2107 nos
576 2041 723 2126 spiritum
747 2041 979 2109 uiuificantem:
1013 2042 1139 2108 Iudaeis
1163 2059 1271 2107 seruus
1295 2058 1364 2106 ma-

234 2146 334 2230 gister
355 2145 468 2210 missus
491 2147 539 2211 est
562 2147 650 2212 nobis
671 2145 773 2211 filius:
797 2146 907 2211 Iudaei
930 2164 985 2229 per
999 2164 1087 2212 mare
1109 2147 1302 2212 transierunt
1323 2144 1365 2209 ad

234 2242 397 2315 heremum
431 2268 484 2314 nos
520 2267 575 2332 per
611 2248 769 2331 baptisma
804 2249 970 2314 introimus
1004 2251 1036 2315 in
1069 2267 1216 2334 regnum:
1255 2247 1366 2313 Iudaei

233 2368 348 2417 manna
375 2356 603 2419 manducauere
624 2370 681 2418 nos
704 2350 877 2430 Christum,
908 2352 1023 2443 Iudaei
1047 2365 1155 2417 carnes
1177 2350 1285 2417 auium
1308 2368 1365 2415 noe

234 2453 284 2520 dei
306 2472 424 2538 corpus,
455 2455 563 2520 Iudaei
590 2455 735 2537 pruinam
757 2456 834 2520 caeli
857 2473 914 2520 noe
937 2456 1032 2520 deum
1054 2453 1147 2520 caeti:
1172 2454 1240 2539 qni
1263 2472 1400 2533 cum,ro
1440 2497 1442 2500 .

233 2559 270 2650 ut
285 2558 444 2642 apostolus
459 2560 513 2638 ait,
536 2561 574 2624 in
596 2556 798 2624 formedei
820 2559 941 2634 esset,
960 2543 1201 2623 ¹humiliarit
1223 2557 1363 2621 semet·

226 2658 360 2743 'ipsum
382 2655 504 2744 usque
527 2662 573 2726 ad
595 2663 773 2741 mortem,
795 2666 958 2732 mortem
982 2660 1110 2728 autem
1133 2661 1278 2736 crucio,
1300 2676 1363 2725 uon

235 2767 401 2828 contentus
434 2764 555 2830 scilicet
587 2765 764 2847 simplicem
797 2783 852 2848 pro
883 2763 972 2830 nobis
1002 2764 1106 2829 subire
1127 2764 1271 2846 mortem,
1301 2760 1365 2826 nisi

233 2868 336 2949 ipsam
356 2867 552 2932 uoluntariae
574 2867 658 2933 necis
682 2868 913 2959 susceptionem
928 2879 1124 2933 summorum
1139 2863 1364 2950 suppliciorum

182 2972 226 3039 24
234 2968 433 3052 perpessione
456 2969 656 3036 cumulasset.
690 2990 746 3053 pro
766 2972 825 3038 hcc
847 2986 920 3055 ergo
942 2972 1008 3037 solo
1031 2969 1105 3055 qnid
1128 2970 1248 3035 soluere
1270 2968 1398 3034 homere

234 3072 357 3155 poterit,
391 3072 440 3137 eui
462 3089 494 3137 se
523 3090 578 3155 per
611 3072 756 3138 ultimam
790 3090 961 3155 poenarum
994 3073 1198 3139 acerbitatem
1221 3069 1364 3163 Christus

228 3173 398 3258 inpendit?
421 3175 476 3239 aut
491 3176 565 3258 quid
581 3194 636 3259 pro
652 3193 684 3240 ee
700 3176 832 3262 dignum
847 3176 973 3267 domino
989 3176 1168 3261 repensabit
1183 3177 1236 3259 qui
1259 3169 1364 3263 ipsium

225 3267 252 3343 'a
274 3272 335 3360 'rpuc
356 3277 537 3361 redemptus
552 3280 609 3343 'eet
632 3279 724 3344 deum
752 3279 869 3346 debet?
899 3268 977 3346 haec
1004 3288 1080 3364 ergo
1106 3298 1198 3346 causa
1219 3283 1277 3361 eet,
1301 3296 1364 3360 qua

336 3492 370 3544 20
388 3490 457 3545 run.
476 3493 500 3557 2,
519 3492 536 3546 a

286 3690 301 3743 1
325 3693 388 3743 aunt
411 3703 474 3758 engo
490 3688 546 3745 ert
562 3689 699 3746 Hebraico
800 3700 868 3758 quoe
891 3695 1048 3758 coepertum
1068 3689 1168 3757 tabem
1190 3689 1363 3756 Μωιῶ.

227 3775 282 3844 rqui
299 3774 386 3830 deleto
403 3790 458 3844 aeq.
476 3775 520 3828 illi
560 3773 596 3818 ‘il
617 3775 680 3829 due
696 3774 769 3843 ipsos
779 3776 903 3842 ·(caeea·b)
923 3775 965 3831 ed.
980 3772 1128 3830 Betucius
1219 3776 1238 3830 b
1255 3774 1363 3830 libe-t«

226 3865 264 3927 ·(n
281 3866 307 3916 et
325 3860 353 3915 e¹r
369 3877 435 3915 crae.
452 3858 605 3916 redemta
616 3861 705 3916 adduae
717 3861 901 3930 eptpoctct)
918 3861 950 3915 A.
1036 3860 1152 3916 dicerem
1166 3861 1324 3930 pedicare·
1335 3861 1364 3916 11

226 3942 379 4002 'diceremur
397 3947 425 4000 B
502 3949 527 4004 ἶ6
544 3946 611 4002 telios
628 3963 653 4002 a
667 3963 684 4001 c
696 3960 754 4002 aur.
770 3945 785 4000 i·
798 3942 866 4000 m
880 3945 989 4014 xB-tda'cp
1037 3962 1040 3972 ¹·
1065 3948 1088 4002 d
1104 3944 1212 4002 caterua
1228 3940 1363 4002 mendaci-

233 4033 300 4103 aa]
317 4034 367 4088 tce
383 4031 562 4104 boo'ep'repto
579 4033 708 4101 mutar
718 4032 1069 4090 Hoeaetdeom'eomcd
1082 4037 1233 4103 p.160,5;
1254 4033 1364 4102 artaud

224 4128 260 4190 p
273 4122 380 4188 mma
471 4120 635 4176 maamad
726 4120 758 4175 15
772 4119 984 4174 nemetum-B
1074 4120 1108 4175 18
1120 4118 1295 4175 babtismad
1346 4144 1350 4155 ·

235 4206 268 4260 19
285 4220 396 4260 mannae
418 4207 499 4272 (eras.
518 4208 556 4274 m)
574 4205 602 4258 A
703 4204 738 4261 24
755 4221 803 4259 nee
817 4209 915 4273 pretet
935 4210 961 4259 et
978 4220 999 4260 a.
1017 4220 1069 4260 ser.
1086 4222 1121 4260 aa
1139 4208 1160 4259 2
1176 4203 1315 4261 necis'A-
1338 4235 1348 4246 ··
