3076 4764
551 297 590 348 ad
608 296 784 350 ecclesiam
806 295 867 350 1111
885 299 901 360 t
918 295 994 352 3-8.
1274 299 1336 364 303

212 488 281 552 cani
308 488 341 552 in
368 485 504 569 pueritia
535 504 596 550 non
625 486 659 549 in
686 486 857 566 iuuentate,
893 504 954 552 non
985 488 1017 551 in
1040 487 1128 550 statu
1160 505 1264 551 rerum
1286 489 1337 550 in·

210 590 381 656 columium
414 608 475 654 non
503 589 535 653 in
565 590 822 672 prosperitatibus
851 591 1077 656 secundorum?
1111 591 1231 655 scilicet
1264 592 1337 673 quia

209 695 244 760 in
277 693 325 758 his
359 693 502 758 omnibus
534 692 685 776 quidquid
721 694 867 759 laudatur
902 695 1058 758 incertum
1093 696 1148 759 est.
1185 694 1336 774 quamdiu

211 799 292 862 enim
315 795 385 878 quis
409 797 549 862 subiacet
572 797 750 874 mutationi,
777 816 838 862 non
860 798 964 879 potest
986 815 1057 861 cnm
1080 796 1245 863 securitate
1267 799 1337 862 lan·

187 902 277 966 rdari
299 901 330 965 et
352 899 428 973 ideo,
452 903 488 965 ut
512 899 567 978 ait,
597 901 796 983 sapientia
825 900 872 964 in·
892 901 1000 965 exitu
1030 900 1200 965 canitur·
1234 901 1336 965 exiens

211 1004 295 1068 enim
324 1004 393 1086 quis
425 1004 462 1067 de
491 1004 619 1068 incertis
652 1004 861 1086 periculorum
892 1005 1012 1068 certum
1044 1002 1214 1067 merebitur
1243 1021 1337 1068 suasa

210 1108 351 1173 omnium
371 1127 477 1172 rerum
500 1108 653 1173 uarietate
670 1106 863 1191 suffragium,
889 1107 960 1189 quia
976 1107 1045 1171 tum
1061 1106 1183 1172 stabilis
1200 1109 1231 1171 et
1246 1106 1337 1172 firma

209 1213 276 1275 laus
311 1213 368 1290 est,
403 1214 526 1293 quando
559 1210 711 1276 meritum
743 1211 807 1277 iam
840 1229 901 1277 non
934 1213 1038 1292 potest
1072 1209 1174 1292 perire
1203 1210 1334 1275 laudati.

210 1314 431 1398 sapientia,
465 1315 576 1398 inquit,
611 1315 650 1379 in
679 1314 786 1379 exitu
816 1317 982 1380 canitur.
1018 1315 1091 1396 quid
1122 1319 1179 1396 est,
1214 1321 1365 1397 quassat

174 1417 361 1500 rosapientia
384 1416 575 1484 Christiani?
610 1419 683 1501 qnid
713 1418 773 1482 nisi
801 1418 896 1483 timor
927 1419 958 1482 et
981 1436 1068 1482 amor
1089 1415 1230 1482 Christi?
1262 1418 1336 1481 ini-

209 1521 308 1587 tium
337 1523 453 1600 enim,
482 1522 594 1604 inquit,
625 1523 848 1605 sapientiae
877 1524 995 1586 timor
1017 1521 1180 1587 domini:
1205 1525 1236 1584 et
1259 1518 1336 1584 alibi

209 1625 403 1707 perfecta,
427 1625 540 1708 inquit,
564 1626 731 1690 dilectio
755 1626 861 1691 foras
883 1624 1013 1689 mittit
1036 1625 1226 1690 timorem.
1263 1641 1336 1708 ergo

209 1729 246 1793 ut
266 1731 417 1807 uidemus,
445 1729 572 1794 initium
594 1729 763 1812 sapientiae
786 1731 834 1794 est
857 1729 889 1792 in
911 1728 1023 1793 timore
1048 1726 1165 1793 Christi
1186 1725 1335 1810 perfectio

208 1831 242 1896 in
265 1849 378 1897 amore.
413 1834 518 1914 itaque
542 1835 568 1898 si
591 1833 745 1915 sapientia
761 1832 931 1899 Christiani
954 1835 1048 1897 timor
1065 1833 1111 1897 est
1133 1834 1226 1913 atque
1249 1850 1336 1897 amor

174 1935 335 2014 rademini,
359 1935 406 2000 ita
428 1937 554 2001 demum
576 1955 649 2001 uere
672 1936 826 2018 sapientes
850 1955 967 2017 sumus,
991 1936 1019 2000 si
1042 1937 1134 2001 deum
1157 1954 1279 2017 semper
1301 1953 1336 1998 ac

209 2057 300 2121 super
322 2039 429 2103 omnia
451 2039 630 2123 diligamus,
654 2043 685 2103 et
708 2039 766 2103 hoc
789 2058 861 2104 cnm
884 2040 1131 2121 omnitempore
1154 2042 1223 2102 tum
1246 2057 1335 2121 prae-

209 2142 295 2224 cipue
317 2143 352 2206 in
374 2142 458 2207 exitu
481 2145 597 2220 nostro,
621 2144 694 2223 qnia
717 2143 869 2224 sapientia
891 2143 925 2208 in
948 2143 1031 2206 exitu
1054 2142 1184 2206 canitur.

250 2262 294 2329 11.
325 2261 357 2328 Si
387 2281 459 2346 ergo
488 2263 643 2345 sapientia
673 2283 728 2344 per
749 2264 807 2327 hoe
830 2265 963 2327 maxime
985 2263 1019 2326 in
1041 2264 1127 2327 exitu
1150 2261 1283 2341 canitur,
1307 2263 1364 2336 sis

209 2364 282 2431 deus
305 2366 523 2448 superomnia
546 2365 705 2449 diligatur,
736 2385 814 2448 quae
844 2366 942 2448 igitur
964 2365 1088 2430 insania
1110 2367 1168 2446 est,
1191 2367 1227 2428 ut
1250 2363 1335 2429 dicat

173 2491 199 2531 ao
209 2467 322 2550 aliquis
345 2466 506 2534 Christum
526 2468 643 2534 carnali
665 2469 892 2551 propinquitati
907 2468 1055 2551 praeponi
1070 2468 1108 2532 ab
1124 2467 1334 2533 incolumibus

208 2574 358 2652 oportere,
381 2573 627 2638 emorientibus
652 2592 712 2638 non
736 2572 871 2638 debere?
894 2589 949 2636 cur
963 2571 1047 2636 enim
1063 2590 1133 2636 eum
1156 2570 1335 2653 praeierant

209 2673 388 2753 incolumes,
417 2676 444 2739 si
472 2694 533 2741 non
562 2675 676 2740 debent
698 2675 854 2757 praeferre
875 2675 1065 2739 morientes?
1104 2676 1158 2739 aut
1181 2675 1209 2737 si
1231 2676 1334 2757 potest

196 2777 363 2859 -quispiam
385 2778 529 2861 religiose
552 2780 681 2858 agnatos
704 2779 797 2861 atque
820 2777 935 2843 adfines
952 2790 1023 2843 suos
1040 2777 1162 2843 Christo
1176 2778 1212 2841 in
1233 2777 1334 2842 morte

209 2899 404 2963 praeponere,
436 2898 491 2945 cur
519 2900 580 2946 non
609 2882 752 2966 religiose
784 2884 881 2947 etiam
905 2886 976 2946 ante
999 2883 1192 2964 praeponat?
1230 2880 1287 2945 aut
1308 2883 1335 2946 si

173 3009 199 3050 ss
209 2988 257 3048 est
286 2984 352 3048 ulla
384 2985 459 3049 hora
486 2986 518 3049 in
541 2986 609 3050 uita
630 2988 753 3067 ultima,
791 3003 852 3067 qua
884 2985 953 3068 quis
987 2986 1058 3068 plus
1092 2983 1170 3049 alios
1205 2985 1333 3069 diligere

208 3086 317 3152 debeat
339 3106 432 3171 quam
455 3107 489 3152 se
511 3091 614 3171 ipsum
637 3089 692 3153 ant
714 3087 815 3171 deum,
839 3106 894 3153 cur
915 3106 976 3153 non
991 3091 1024 3152 et
1045 3088 1078 3154 in
1096 3089 1165 3154 uita
1180 3089 1334 3155 anteriore

311 3273 433 3328 10Psa1.
454 3273 511 3338 110,
531 3274 564 3328 10
667 3274 699 3327 12
717 3273 731 3327 Ι
749 3274 808 3328 Ioh.
826 3274 852 3342 4,
871 3275 903 3328 18

209 3443 294 3512 magis
312 3443 399 3497 facere
417 3460 477 3497 eum
495 3444 539 3496 uel
557 3444 586 3497 in
605 3444 677 3498 exitu
696 3461 743 3498 suo
762 3446 896 3507 conuenit
916 3448 946 3497 ut
964 3446 1034 3513 qnod
1053 3445 1112 3498 uita
1130 3445 1263 3498 anteriore
1280 3461 1333 3498 non

207 3529 333 3594 reddidit,
359 3530 454 3583 saltem
472 3531 500 3582 in
519 3531 688 3585 extremitate
712 3531 859 3600 persoluat:
882 3536 909 3583 et
931 3533 976 3598 qui
995 3547 1025 3584 ex
1042 3531 1092 3584 hoc
1109 3546 1170 3584 reus
1188 3535 1237 3594 est,
1263 3534 1334 3598 quod

209 3620 271 3669 ante
284 3615 413 3684 neglexit,
436 3616 479 3668 uel
497 3632 543 3684 per
560 3617 610 3670 hoc
628 3618 747 3671 excusari
765 3617 934 3684 aliquatenus
952 3617 1059 3670 domino
1078 3633 1124 3670 suo
1142 3618 1236 3685 possit,
1261 3617 1334 3685 quod

209 3703 379 3770 praeteritam
404 3703 632 3756 inhumanitatem
656 3704 754 3757 ultima
776 3705 872 3757 saltem
890 3703 1028 3758 deuotione
1047 3705 1206 3771 compenset.
1236 3704 1281 3757 sed
1299 3703 1334 3758 ad

208 3787 341 3855 superiora
364 3787 508 3842 redeamus.
539 3789 680 3856 sapientia,
709 3789 798 3857 inquit
823 3805 908 3842 sermo
933 3789 1049 3854 diuinus,
1076 3789 1105 3841 in
1130 3788 1204 3842 exitu
1227 3789 1334 3843 canitur

207 3873 256 3926 boc
274 3871 461 3927 additamento
479 3878 571 3926 careat
589 3874 643 3926 AB

258 3968 429 4021 liuuentate
446 3969 487 4022 A:
513 3968 656 4023 iuuentute
675 3971 840 4025 BHclmc'ue
871 4032 876 4041 ,
942 3970 1010 4024 5111
1036 3970 1108 4024 exitu
1126 3985 1146 4024 e.
1164 3970 1182 4024 i.
1201 3987 1234 4024 m.
1256 3948 1275 4024 1'
1290 3972 1336 4026 ael

205 4053 306 4108 2add.
326 4055 354 4108 A
444 4055 537 4108 itum
555 4071 589 4108 ecc
607 4056 671 4109 dum
689 4061 836 4111 corr.m.2
854 4058 881 4111 Β
973 4056 1005 4111 18
1024 4057 1067 4110 Sic
1086 4073 1119 4111 ea
1138 4056 1166 4110 Si
1185 4061 1336 4112 corr.m.2

205 4138 233 4190 Β
318 4139 352 4192 24
369 4141 546 4209 praeponebat
565 4141 593 4193 Β
678 4141 713 4196 26
730 4144 849 4210 aut(sa'c)
869 4144 947 4197 deum
965 4144 1034 4199 AB:
1050 4147 1088 4197 et
1107 4161 1168 4198 cum
1186 4145 1247 4199 edd.
1265 4146 1336 4200 Hal.

205 4224 276 4278 rotas
292 4226 333 4279 aar
352 4225 488 4280 adnotans
592 4228 686 4282 autin
707 4228 764 4281 nita
782 4229 809 4282 Β
