3076 4764
499 274 538 328 ad
555 275 735 329 ecclesiam
757 276 771 330 I
790 280 805 341 ξ
823 275 935 331 24-30.
1219 277 1283 344 233

153 466 193 531 ad
223 485 321 531 unnm
355 484 510 549 quemque
542 466 701 531 nostrum:
739 466 886 530 honora
915 466 1113 529 dominum
1141 465 1186 529 de
1216 468 1283 530 tua

152 569 393 635 substantia.
416 570 687 647 etalibirodde‚
711 570 823 651 inquit,
847 568 1025 634 debitum
1047 569 1165 633 tuum.
1189 587 1283 650 quam

152 674 223 754 pins
261 676 292 737 et
328 673 493 753 indulgens
529 674 673 738 dominns
711 674 786 739 deus
822 676 942 750 noster,
981 672 1120 736 inuitans
1155 689 1211 736 nos
1244 672 1283 736 ad

154 776 343 859 erogandam
365 778 508 842 terrenae
529 775 721 841 substantiae
750 775 949 840 facultatem!
981 775 1147 849 honora,
1170 774 1282 858 inquit,

133 879 353 946 adominum
375 880 419 943 de
441 882 510 943 tua
531 878 774 944 substantia.
810 897 882 944 cnm
904 881 1006 945 tetum
1023 897 1116 942 suum
1137 878 1181 942 sit
1202 877 1284 959 qnod

154 985 193 1049 ab
216 1000 251 1046 eo
274 985 457 1065 accepimns,
493 985 634 1047 nostrum
662 1001 728 1047 esse
758 981 833 1048 dicit
855 985 893 1046 nt
915 984 1035 1061 demus,
1069 982 1137 1046 ideo
1161 980 1284 1045 scilicet

155 1088 296 1150 nostram
319 1086 477 1169 appellans
498 1087 721 1169 proprietatem
743 1087 953 1168 possessionis,
976 1088 1012 1150 nt
1028 1086 1127 1149 maior
1142 1084 1186 1148 sit
1200 1102 1284 1148 mer-

156 1206 205 1253 ces
229 1190 396 1272 operantis,
421 1191 494 1271 quia
516 1191 587 1271 plns
609 1190 769 1254 fructuum
791 1208 916 1255 necesse
938 1191 986 1254 est
1007 1189 1139 1273 largitor
1161 1187 1283 1271 habent,

155 1292 209 1357 ubi
231 1292 270 1357 de
292 1310 348 1356 suo
371 1293 495 1358 uidetur
519 1311 585 1358 esse
608 1293 744 1375 largitio.

120 1441 145 1481 ro
198 1413 252 1478 VI.
288 1413 349 1478 Sed
383 1419 489 1478 tamen
522 1434 560 1479 ne
594 1415 651 1480 hoc
684 1417 751 1498 ipso
785 1415 922 1480 humana
954 1434 1041 1480 mens
1076 1413 1284 1493 insolesceret,
1293 1419 1335 1486 28

155 1517 235 1599 qnod
260 1517 469 1582 substantiam
492 1519 573 1583 hanc
588 1519 731 1585 dominus
753 1522 892 1583 nostram
907 1536 974 1582 esse
993 1519 1131 1594 dixisset,
1155 1517 1283 1582 adiecit:

155 1622 271 1686 redde
300 1623 477 1687 debitum
507 1626 632 1689 tuum:
663 1623 720 1686 hoc
746 1628 869 1699 estut
892 1641 984 1703 quem
1007 1622 1128 1687 deuotio
1151 1639 1214 1684 non
1235 1623 1284 1687 in-

155 1724 264 1789 liceret
286 1726 326 1789 ad
355 1725 550 1808 largiendum
581 1728 748 1790 necessitas
779 1727 903 1806 cogeret
926 1725 965 1789 ad
993 1724 1222 1804 exsoluendum,
1254 1727 1285 1788 et

156 1846 247 1910 quem
280 1831 319 1892 ad
352 1845 426 1909 opus
458 1831 602 1892 sanctum
632 1828 709 1892 fides
739 1847 795 1892 sua
825 1828 894 1909 ipsa
923 1846 984 1891 non
1015 1828 1154 1893 traheret
1176 1827 1284 1892 saltim

122 1932 325 1999 rsnacessitas
354 1933 518 1998 coartaret.
555 1933 641 2013 prius
663 1932 726 1996 ait:
756 1932 908 1995 honora
930 1931 1130 1996 dominum
1153 1932 1196 1995 de
1219 1934 1286 1995 tua

157 2034 402 2117 substantia,
426 2035 536 2100 deinde
558 2036 692 2113 redde,
715 2035 833 2116 inquit,
866 2035 1046 2099 debitum
1069 2037 1187 2099 tuum.
1226 2036 1286 2099 hoo

157 2143 205 2203 est
228 2139 346 2202 dicere:
374 2139 401 2201 si
423 2140 552 2203 deuotus
576 2157 616 2216 es,
641 2141 680 2202 da
702 2139 791 2220 quasi
813 2142 915 2217 tuum,
946 2137 971 2201 si
994 2139 1170 2214 indeuotua
1194 2136 1297 2202 redde

158 2242 248 2322 quasi
277 2259 337 2305 non
365 2245 465 2306 tuum.
502 2241 582 2306 bene
610 2242 715 2323 itaque
736 2242 840 2323 posuit
863 2244 896 2306 et
918 2242 1013 2305 dandi
1035 2241 1230 2305 uoluntatem
1254 2242 1287 2304 et

157 2345 298 2410 soluendi
321 2345 548 2410 necessitatem.
579 2344 636 2409 hoc
659 2349 706 2409 est
728 2347 837 2426 utique
860 2345 961 2410 dicore
979 2345 1064 2408 omni
1088 2344 1222 2407 homini:
1246 2344 1286 2408 ad
1295 2347 1337 2413 29

123 2472 149 2512 so
159 2465 235 2530 opus
257 2450 401 2514 sanctum
424 2451 455 2513 et
477 2450 652 2514 hortatione
666 2449 811 2520 innitaris
826 2453 858 2513 et
873 2449 1030 2513 exactione
1047 2447 1283 2529 constringeris:

159 2551 212 2627 da,
247 2554 274 2615 si
305 2555 368 2630 uis,
402 2554 504 2629 redde,
539 2554 566 2617 si
595 2571 657 2618 non
689 2553 746 2618 nis.
785 2552 945 2634 apostolus
977 2570 1096 2633 quoque
1126 2551 1159 2615 id
1181 2551 1285 2632 ipsum

158 2672 288 2719 monens
312 2655 466 2720 diuitibus
489 2658 648 2738 praecipit,
672 2676 710 2721 ne
737 2657 868 2738 superbe
891 2657 1015 2737 sapiant
1038 2673 1137 2736 neque
1160 2655 1287 2736 sperent

158 2759 191 2821 in
213 2759 330 2824 incerto
353 2761 535 2825 dinitiarum
551 2761 604 2825 sed
627 2761 659 2824 in
679 2760 737 2825 deo
758 2762 847 2825 uiuo:
871 2761 935 2842 qui
957 2759 1143 2840 praestat
1165 2757 1286 2831 nobis,

158 2860 270 2943 inquit,
300 2863 430 2926 omnia
452 2864 496 2926 ad
519 2862 724 2928 fruendum
747 2863 788 2927 in
811 2861 1022 2927 uoluntate
1044 2879 1205 2942 opernm
1227 2860 1287 2923 bo-

124 2982 303 3031 asnorum.
341 2984 401 3030 uno
431 2967 513 3032 dicto
541 2972 709 3049 utrumque
742 2967 856 3043 docuit,
891 2967 950 3030 hoc
980 2967 1028 3028 est
1057 2969 1088 3028 ct
1117 2964 1175 3046 qui
1200 2962 1287 3027 daret

160 3067 289 3131 diuitias
319 3074 351 3133 et
381 3089 437 3134 cur
466 3072 563 3135 daret.
613 3073 717 3134 dicens
747 3071 831 3134 enim
860 3068 1049 3152 sperandum
1080 3086 1098 3132 a
1128 3067 1202 3144 deo,
1234 3063 1340 3147 qui30

159 3174 296 3250 praestet
317 3173 430 3250 omnia,
454 3173 591 3237 ostendit
613 3191 631 3236 a
653 3175 709 3237 deo
726 3172 846 3256 diuites
870 3172 945 3249 fieri,
970 3171 1086 3235 addens
1109 3171 1213 3234 autem
1236 3159 1288 3232 ‘in

160 3274 368 3341 uoluntate
391 3293 545 3357 operum
568 3264 764 3340 bonorum'
794 3276 883 3340 docet
904 3275 938 3338 id
961 3276 1075 3356 ipsum,
1104 3273 1186 3354 quod
1209 3271 1289 3335 dixit

161 3394 180 3441 a
202 3377 258 3442 deo
280 3378 388 3459 tribui,
411 3380 536 3463 propter
557 3379 637 3444 bona
658 3379 785 3444 tantum
807 3395 900 3460 opera
921 3379 1086 3459 praestari:
1109 3376 1289 3457 praestat

265 3584 278 3636 1
298 3582 378 3638 Pron.
397 3583 420 3643 3,
439 3584 455 3635 9
559 3583 575 3635 2
592 3581 692 3636 Eccles.
709 3581 735 3644 4,
753 3582 770 3635 8
873 3582 907 3634 23
930 3581 945 3635 Ι
964 3579 1032 3634 nim.
1051 3582 1076 3645 6,
1095 3579 1126 3633 17

213 3773 230 3825 2
253 3772 350 3841 inquid
367 3772 424 3826 AB
526 3772 543 3824 3
561 3772 621 3839 pina
639 3770 708 3824 AB:
735 3770 796 3839 pius
813 3773 859 3824 'est
876 3772 1006 3825 Halmius
1024 3771 1065 3825 nil
1083 3771 1222 3825 adnotans

160 3859 291 3928 4inquid
308 3860 364 3913 AB
450 3858 624 3927 tdominum]
643 3858 688 3911 dm
706 3857 733 3911 B
750 3857 834 3922 (idem
847 3859 934 3926 paulo
952 3863 1018 3912 oute
1036 3857 1112 3923 dnm)
1191 3856 1205 3909 7
1225 3871 1290 3909 mer·

163 3960 205 3999 ces
223 3962 258 3999 ccc
275 3947 371 4001 mercis
388 3960 458 4000 corr.
476 3947 545 4000 cat
562 3944 618 3997 AB
718 3944 751 3997 12
768 3943 890 3997 inliceret
908 3959 929 3997 a.
948 3960 966 3996 n
984 3959 1035 3998 scr.
1053 3943 1064 3996 l
1081 3945 1149 3997 Μ
1167 3943 1222 3996 AB

164 4031 197 4087 14
214 4031 280 4086 fides
299 4049 333 4087 ecc
350 4032 412 4085 lidia
430 4047 501 4086 corr.
518 4033 587 4086 Μ
603 4031 632 4084 Α
726 4030 784 4098 ipsa
801 4031 832 4083 iu
850 4030 878 4083 B
892 4035 991 4098 puuot.
1088 4029 1120 4082 15
1134 4035 1199 4097 post
1215 4028 1290 4097 prius

161 4133 184 4172 s.
202 4118 220 4174 l.
238 4117 303 4172 cdd.
322 4134 386 4187 ergo
403 4122 469 4172 Μ
485 4120 513 4171 A
532 4117 618 4180 (dato
630 4116 671 4170 ed.
685 4114 830 4181 Betucius)
918 4115 951 4169 16
969 4113 1063 4184 inquid
1080 4113 1108 4167 B
1195 4113 1289 4182 lida]

163 4203 290 4259 reddecc
303 4205 336 4258 de
354 4218 422 4259 corr.
436 4207 504 4260 Μ
522 4205 549 4258 Β
611 4219 613 4223 ·
635 4203 670 4256 24
687 4201 783 4270 inquid
794 4201 872 4255 nobis
891 4202 919 4255 B
1006 4201 1040 4254 27
1058 4203 1177 4270 praestat
1195 4199 1222 4253 Β
