3076 4764
499 282 538 336 ad
556 282 734 336 eeclesiam
756 282 936 348 Iseo-43.
1219 284 1285 350 237.

151 475 304 544 nominat.
328 492 384 538 nos
399 474 500 539 latere
517 493 552 538 ex
569 473 689 538 diuitiis
705 490 800 554 aquas
816 473 958 553 cupimus
973 473 1078 554 ignem
1094 474 1279 556 extinguen-

150 581 196 641 tes
225 576 394 642 seeundum
425 578 522 643 illud:
553 580 660 641 sieut
688 594 784 659 aqua
813 576 1013 659 extinguit
1042 576 1189 659 ignem,
1223 576 1280 641 sie

150 679 402 763 eleemosyna
423 683 638 763 peecatum.
673 678 831 761 apostolus
854 679 887 742 in
910 677 1032 743 diuitiis
1054 681 1135 744 male
1158 678 1333 745 censer-40

150 784 233 849 uatis
263 783 495 848 damnationem
525 800 590 847 esse
620 784 766 863 testatur,
798 798 854 863 ego
878 801 913 845 er
936 782 992 855 his,
1024 800 1103 863 quae
1122 782 1201 848 dieit
1222 782 1279 847 ille

128 887 285 950 amortem
308 890 468 952 aeternam
491 885 635 951 omnibus
660 885 773 962 faeere,
796 885 896 948 uitam
912 885 984 967 opto
1007 887 1190 967 perpetuam
1212 903 1279 953 oon·

151 1007 278 1072 parare:
302 1008 362 1054 non
386 989 510 1072 quidem
533 989 614 1070 quod
636 989 695 1053 ulli
717 988 806 1053 uitiis
822 987 1000 1052 carnalibus
1022 988 1170 1071 inplicata
1193 988 1280 1053 sufli-

150 1110 220 1157 cere
243 1092 282 1156 ad
305 1094 405 1157 uitam
429 1095 588 1157 aeternam
610 1094 727 1174 putem,
750 1091 786 1168 si,
810 1108 883 1155 eum
905 1107 1003 1172 usque
1026 1094 1065 1156 ad
1089 1092 1223 1156 mortem
1246 1091 1281 1156 in

149 1195 276 1277 flagitiis
299 1197 500 1272 consenuerit,
524 1195 556 1260 in
580 1195 667 1260 obitu
690 1197 766 1259 bene
790 1196 903 1259 eurota
919 1194 1086 1274 dispenset,
1110 1192 1173 1258 nisi
1188 1197 1281 1260 antea

150 1300 182 1361 et
202 1299 337 1379 peoeatis
360 1298 588 1364 renuntiauerit
611 1301 642 1362 et
665 1296 822 1362 sordidam
844 1296 934 1361 illam
948 1297 1115 1362 eriminum
1135 1297 1279 1362 tunicam

116 1428 142 1468 ro
150 1400 404 1483 lutulentamque
419 1401 584 1482 proieearit
600 1404 632 1465 ot
646 1418 761 1464 nouam
777 1399 988 1465 oonuersionis
1003 1419 1038 1464 ae
1053 1399 1277 1465 sanctimoniae

151 1507 272 1567 uestem
295 1504 334 1568 de
356 1523 453 1568 manu
475 1505 606 1586 apostoli
634 1503 842 1584 praedicantis
865 1505 1027 1585 acceperit.
1065 1503 1183 1584 alioqui
1204 1520 1279 1584 peo-
1287 1500 1328 1566 41
1434 1550 1435 1554 ,

151 1625 221 1671 aare
243 1625 306 1671 non
329 1605 454 1684 desinit,
477 1625 570 1688 quem
593 1605 626 1669 in
649 1605 796 1671 extremis
818 1605 914 1669 situm
937 1606 1114 1670 recederes
1136 1605 1277 1671 orimini-

150 1710 208 1773 bus
231 1710 297 1774 sola
326 1711 449 1774 tantum
480 1708 557 1774 fauit
587 1707 814 1790 inpossibilitas
841 1727 903 1772 non
925 1709 1080 1773 uoluntas.
1118 1709 1173 1790 qui
1195 1709 1278 1774 enim

149 1813 283 1878 amalis
316 1813 439 1877 actibus
469 1813 597 1877 tantum
618 1816 719 1877 morte
742 1812 872 1877 discedit
895 1830 956 1876 non
977 1811 1128 1893 relinquit
1148 1813 1276 1896 seelera,

116 1918 204 1986 used
232 1916 419 1999 relinquitur
441 1935 459 1980 a
481 1915 659 1992 seeleribue,
691 1933 727 1980 ae
749 1933 803 1996 per
833 1913 891 1979 hoo
921 1913 1107 1980 neeessitate
1134 1916 1278 1981 exclusus

149 2040 167 2085 a
189 2020 277 2087 uitiis
300 2023 332 2086 et
353 2024 433 2098 tum,
456 2023 543 2101 puto
565 2023 683 2101 peoeat,
707 2019 831 2100 quando
849 2021 1047 2096 eossauerint
1072 2018 1151 2100 quia,
1178 2038 1277 2100 quan·

148 2123 218 2187 tum
247 2122 286 2187 ad
317 2123 469 2202 animum,
499 2124 633 2187 neudum
663 2123 756 2187 desiit
789 2122 841 2203 qui
863 2121 964 2186 adhue
984 2121 1063 2185 uelit
1085 2140 1222 2204 peecare,
1250 2124 1278 2188 si

147 2228 265 2306 poena
291 2244 354 2290 non
383 2227 473 2292 bonis
501 2225 607 2306 itaque
629 2226 742 2308 spebus
765 2223 910 2290 innititur
933 2223 986 2304 qui
1008 2225 1048 2288 ad
1070 2225 1127 2288 hoo
1150 2225 1277 2290 tantum

147 2328 255 2410 peoeat
282 2327 316 2392 in
343 2328 418 2409 uite,
451 2332 486 2392 ut
514 2329 710 2410 peooatorum
741 2328 856 2392 molem
884 2326 1018 2391 redimat
1047 2326 1079 2389 in
1104 2331 1212 2405 morto,
1245 2329 1277 2393 et

114 2430 217 2498 aoideo
240 2450 274 2495 ee
296 2448 464 2496 euasurum
492 2433 593 2512 putat,
625 2447 686 2497 non
717 2431 790 2511 quia
817 2429 914 2494 bonus
942 2428 997 2493 sed
1020 2429 1093 2510 quia
1114 2429 1201 2494 diues
1224 2430 1276 2495 sit.

149 2533 238 2615 quasi
267 2552 341 2598 uero
370 2538 446 2600 deus
475 2553 536 2599 non
559 2533 659 2599 uitam
688 2534 817 2615 quaerat
838 2531 1000 2598 hominum
1023 2532 1077 2596 sed
1100 2527 1327 2613 peouniam,42

54 2667 56 2674 ¹
148 2639 241 2717 atque
264 2655 284 2701 a
305 2638 425 2702 eunetis
455 2637 609 2703 malorum
638 2639 887 2704 redimendorum
916 2653 971 2716 ape
999 2636 1080 2699 male
1109 2634 1275 2718 agentibus

148 2740 288 2822 aeoipere
315 2741 399 2804 solos
427 2758 482 2824 pro
511 2739 697 2806 oriminibus
725 2756 869 2804 nummos
898 2738 977 2802 uelit
1006 2738 1038 2803 ot
1060 2742 1277 2819 corruptorum

148 2841 290 2906 iudicum
320 2860 407 2906 more
436 2846 601 2924 argentum
629 2843 741 2924 exigat,
773 2845 809 2906 ut
833 2844 961 2923 peoeata
983 2841 1108 2906 uendat.
1146 2859 1207 2907 non
1229 2836 1328 2918 ita43

112 2946 205 3011 aest.
236 2944 381 3027 prodesse
403 2945 486 3010 enim
508 2944 711 3028 largitionem
734 2945 906 3028 plurimum
930 2946 1049 3008 eertum
1065 2946 1121 3020 est,
1145 2947 1274 3010 sednon

148 3045 230 3129 illis,
259 3049 312 3128 qui
345 3049 459 3113 ultima
493 3046 615 3112 futurae
648 3047 823 3130 largitionis
858 3066 912 3129 spo
947 3049 1029 3112 male
1063 3046 1186 3127 uiuunt,
1221 3048 1275 3128 qui

147 3147 264 3213 fidueia
290 3149 490 3215 redimendae
510 3150 720 3215 immunitatis
744 3150 861 3214 seelera
882 3149 1094 3226 eommittunt‚
1122 3149 1176 3212 sed
1199 3148 1274 3228 illis,

148 3253 200 3332 qui
231 3252 354 3335 deeepti
385 3258 440 3317 aut
468 3253 588 3318 lubrioo
620 3253 733 3317 aetatis
763 3256 817 3317 aut
845 3251 953 3316 nubilo
983 3251 1095 3316 erroris
1118 3253 1173 3315 aut
1196 3250 1274 3334 uitio

249 3439 265 3491 2
283 3438 383 3492 Eooles.
402 3440 425 3502 3,
444 3432 479 3492 33
648 3440 650 3444 ⁴

197 3609 214 3661 3
237 3609 384 3677 elymosina
405 3610 433 3662 A
463 3607 603 3662 elimosina
627 3609 654 3661 Β
676 3608 797 3662 ‘aidetm
820 3607 973 3662 Salutoaae
995 3610 1148 3663 ttaetemam
1165 3614 1275 3663 secatae

145 3693 306 3761 eleimosyna
329 3694 476 3761 seripeteee'
500 3693 628 3747 Halmius
731 3687 913 3761 boonparare
936 3709 988 3748 om.
1011 3693 1038 3747 Β
1142 3694 1175 3748 10
1198 3695 1273 3748 lutu-

145 3778 250 3832 lentum
277 3794 328 3847 que
355 3784 423 3833 m.1
449 3780 478 3833 Β
579 3779 789 3833 conuersationis
816 3779 844 3832 Β
946 3780 976 3833 11
1006 3780 1127 3848 alioquin
1153 3796 1187 3834 ex
1211 3781 1273 3850 ·qui

145 3880 213 3920 corr.
231 3868 298 3918 m.2
316 3867 342 3916 Β
447 3865 479 3918 12
497 3879 574 3932 quem
594 3881 614 3918 e.
634 3880 685 3923 sor.
705 3867 778 3919 m.2
802 3865 874 3919 huno
891 3864 919 3918 A
1023 3866 1055 3920 16
1073 3868 1132 3920 turn
1147 3882 1181 3934 p:
1208 3868 1273 3921 dum

145 3967 165 4004 a.
183 3966 234 4004 eor.
257 3954 330 4004 aa2
355 3953 421 4004 tuno
445 3952 500 4018 (trie
523 3951 561 4016 Β)
585 3951 641 4005 AB
743 3950 887 4005 oessauerit
914 3952 942 4004 Β
1047 3951 1079 4004 17
1108 3943 1237 4022 ηεᾷἀυηι,
1252 3970 1273 4009 a.

144 4052 193 4090 aer.
213 4052 227 4089 e
244 4053 278 4089 m.
297 4040 320 4089 2·
336 4038 364 4089 A
467 4036 498 4089 21
527 4039 616 4104 querit
641 4037 669 4088 Β
773 4036 807 4089 23
830 4038 899 4089 solos
922 4052 942 4090 a.
962 4053 977 4090 o
997 4041 1100 4104 poster.
1118 4054 1138 4092 e.
1157 4054 1209 4093 eor.
1226 4039 1276 4093 sed

144 4138 180 4177 ea
194 4129 278 4190 perte
296 4139 364 4177 eras.
383 4141 400 4177 u
419 4125 447 4177 A
473 4125 545 4178 solue
568 4124 597 4177 Β
690 4126 885 4191 vcorruptorum
905 4124 952 4193 qui
969 4125 1025 4181 iud.
1049 4127 1077 4179 Β
1123 4132 1125 4137 “
1180 4127 1214 4180 21
1232 4127 1273 4180 in-

144 4209 287 4262 munitatis
304 4210 332 4262 Β
