3076 4764
203 286 266 352 194
617 330 620 333 Α
691 284 846 338 Saluiaui

203 474 381 541 ardeamus:
415 477 452 539 ut
483 477 567 540 recte
599 475 717 558 utique,
752 475 893 558 quotiens
927 475 1010 539 mala
1039 475 1100 539 ista
1132 475 1329 558 perferimus,

203 580 296 644 etiam
313 577 352 642 ad
366 596 422 642 nos
437 577 499 643 dici
522 577 603 643 illud
617 578 832 660 propheticum
855 581 968 660 possitz
991 579 1045 643 ite
1067 580 1106 642 in
1129 579 1332 644 flammam

201 682 321 766 ignis,
355 700 467 764 quam
496 682 756 748 accendistis.
796 701 833 748 ac
859 702 914 766 per
942 683 999 747 hoc
1027 683 1114 747 iuxta
1143 683 1331 747 sententiam

201 804 322 852 sacram
353 787 420 867 ipse
448 785 515 849 sibi*
539 788 630 867 parat
658 786 800 867 peccator
828 786 959 868 quisque
982 789 1062 868 quod
1086 785 1214 868 patitur.
1248 785 1331 850 nihil

201 889 251 954 est
272 889 387 972 itaque,
416 890 496 970 quod
520 890 557 952 de
580 887 815 954 calamitatibus
837 890 950 954 nostris
975 891 1030 954 deo
1053 888 1207 970 imputare
1230 889 1329 970 poesi·
1352 907 1371 948 a

200 1010 286 1057 mus:
309 1009 366 1057 nos
389 992 608 1057 calamitatum
630 995 809 1058 nostrarum
832 997 974 1058 auctores
997 1010 1115 1057 sumus.
1146 993 1221 1057 deus
1245 993 1331 1058 enim

198 1095 269 1179 pius
293 1095 341 1161 est
363 1113 400 1160 ac
420 1094 596 1160 misericors
620 1098 651 1161 et
673 1096 738 1178 qui,
761 1097 798 1160 ut
814 1098 965 1178 scriptum
990 1097 1046 1173 est,
1069 1096 1226 1162 neminem
1250 1096 1331 1160 uelit

199 1200 298 1282 perire
326 1199 380 1263 uel
409 1197 541 1264 laedere,
577 1215 633 1263 nos
662 1216 733 1280 ergo
764 1198 929 1264 aduersum
960 1217 1016 1263 nos
1046 1199 1150 1263 omnia
1179 1197 1330 1263 facimus:

200 1301 280 1367 nihil
308 1303 421 1385 itaque,
450 1301 531 1367 nihil
560 1304 609 1367 est
636 1304 670 1366 in
698 1320 753 1367 nos
783 1303 938 1367 crudelius
967 1301 1073 1366 nobis:
1102 1321 1167 1380 uos,
1190 1303 1328 1386 iuquam,

170 1403 254 1471 8nos
277 1407 373 1470 etiam
395 1406 451 1471 deo
474 1407 600 1471 nolente
624 1407 805 1471 cruciamus
840 1409 893 1472 sed
920 1406 1067 1471 uidelicet
1089 1407 1255 1471 aduersum
1279 1423 1330 1469 me
1339 1426 1369 1465 1o

200 1510 302 1593 ipsum
332 1509 435 1574 dicere
466 1508 582 1593 uideor,
616 1511 679 1592 qui,
709 1529 779 1574 oum
807 1510 948 1594 superius
972 1511 1111 1588 dixerim,
1140 1509 1178 1574 ob
1202 1509 1330 1591 peccata

200 1616 305 1679 nostra
327 1631 383 1679 nos
406 1612 510 1694 puniri
534 1633 552 1678 a
575 1615 641 1692 deo,
665 1632 747 1678 nunc
768 1614 869 1679 dicam
892 1634 946 1680 uos
968 1613 1074 1696 puniri
1095 1612 1217 1679 anobis
1240 1613 1328 1692 ipsis.

199 1720 366 1798 utrumque
389 1735 498 1781 uemm
522 1719 586 1795 est3
610 1735 627 1780 a
649 1719 705 1782 deo
720 1717 834 1801 quippe
855 1717 1013 1800 punimur,
1038 1719 1090 1781 sed
1113 1715 1174 1799 ipsi
1196 1715 1328 1780 fecimus

200 1822 236 1883 ut
258 1819 432 1902 puniamur.
464 1837 535 1884 cum
553 1823 658 1884 autem
674 1820 779 1902 puniri
801 1820 930 1909 nosipsi
946 1819 1107 1901 iaciamus,
1132 1819 1182 1883 cui
1197 1818 1328 1882 dubium

201 1924 250 1987 est
272 1921 348 2004 quin
368 1922 428 2005 ipsi
443 1940 500 1987 uos
516 1922 632 1987 nostris
648 1922 828 1987 criminibus
843 1923 1031 2006 puniamus?
1055 1924 1127 2004 quia
1143 1924 1327 2005 quicumque
1338 1946 1367 1986 rs

103 2065 104 2068 =
201 2025 255 2091 dat
290 2043 416 2091 causam
449 2045 509 2108 qua
542 2025 700 2108 puniatur,
737 2028 802 2108 ipse
835 2045 867 2092 se
899 2027 992 2110 punit
1025 2026 1197 2091 secuudum
1229 2025 1327 2089 illud:

200 2127 362 2195 funibus
386 2130 639 2212 peccatorum
661 2149 816 2195 suorum
840 2132 1110 2213 unusquisque
1135 2127 1328 2194 coustrin-

200 2234 321 2315 gitur.
360 2251 432 2317 ergo
455 2236 482 2299 ai
504 2233 632 2299 funibus
654 2236 850 2318 peccatomm
872 2251 999 2299 suorum
1021 2233 1160 2317 peruersi
1187 2231 1327 2297 homines

200 2336 380 2422 alligantur,
402 2337 470 2420 ipse
493 2356 525 2402 se
549 2336 778 2420 absquedubio
801 2337 914 2421 alligat
934 2338 1077 2419 peccator
1094 2337 1233 2419 quisque,
1257 2355 1328 2402 cum

199 2446 314 2524 peccat.
1336 2462 1367 2502 no

170 2557 189 2621 9
241 2563 283 2627 II.
315 2560 375 2628 Sed
404 2562 479 2645 quia
508 2564 545 2627 de
574 2562 759 2644 impuritate
781 2561 929 2627 Afrorum
958 2562 1021 2625 iam
1051 2561 1152 2625 multa
1182 2561 1326 2639 diximus,

199 2684 283 2730 nuuc
306 2669 342 2731 de
370 2665 571 2748 blasphemiis
605 2665 712 2729 saltim
745 2681 845 2746 pauca
878 2664 1036 2741 dicamus;
1070 2663 1210 2746 professa
1244 2664 1328 2728 enim

198 2768 266 2833 illic
284 2767 401 2851 iugiter
416 2768 620 2851 plurimomm
635 2767 803 2852 paganitas
826 2767 896 2832 fuit.
927 2768 1085 2834 habebant
1108 2769 1221 2851 quippe
1243 2769 1328 2832 iutra

199 2889 303 2935 muros
341 2871 457 2952 patrios
495 2872 680 2937 intestinum
718 2871 835 2954 scelus,
871 2871 1045 2938 Caelestem
1079 2871 1169 2935 illam
1207 2871 1330 2935 scilicet

301 3074 448 3140 21sc.50,
467 3076 497 3129 11
574 3076 715 3131 3Psal7
790 3078 1004 3145 summae
1077 3078 1109 3132 17
1127 3077 1198 3131 Psal.
1218 3077 1274 3142 118,
1294 3076 1327 3129 61

251 3270 263 3321 l
289 3265 413 3335 quociens
437 3266 465 3319 B
568 3267 675 3322 2111661
696 3283 745 3321 oca.
764 3268 792 3320 A
894 3267 912 3320 4
935 3267 1006 3335 qnod
1024 3266 1052 3319 Β
1069 3281 1140 3320 corr.
1159 3282 1194 3320 66
1211 3265 1258 3334 qui

198 3355 213 3408 'l
232 3353 272 3423 ac]
292 3355 319 3407 et
337 3353 365 3406 Β
469 3351 549 3406 uellit
565 3354 662 3421 priore
679 3353 804 3422 lpaact.
822 3353 850 3406 A
954 3351 986 3406 12
1009 3352 1099 3420 puniri
1118 3368 1134 3405 a
1152 3352 1238 3420 uobis]
1262 3352 1331 3406 16166

197 3440 299 3508 incipit
316 3445 484 3509 postremam
501 3438 560 3493 cod.
578 3439 606 3491 A
622 3439 778 3505 1611666166
795 3438 874 3492 caiae
889 3439 993 3508 papiae
1011 3439 1149 3492 6661661666
1162 3452 1257 3504 paaca
1275 3438 1327 3507 lapi

197 3541 255 3579 aaa
274 3530 392 3593 poseant
415 3524 473 3578 alia
496 3539 564 3578 aero
588 3525 708 3578 abaciaco
730 3530 811 3590 sama·
833 3524 971 3592 paeterior
985 3524 1092 3593 papiae
1105 3539 1200 3591 paaca
1216 3528 1327 3577 tantam

198 3610 277 3663 habet
295 3624 365 3677 qaae
383 3613 454 3663 certo
473 3608 525 3678 lapi
538 3614 657 3676 poscant
670 3609 805 3677 pleraque
825 3624 941 3676 prorsas
959 3615 1151 3674 caaaacraat5
1177 3609 1249 3661 16666
1266 3608 1326 3662 cod.

197 3694 224 3747 B
240 3700 348 3761 partem
365 3693 455 3748 danao
467 3710 555 3748 meam
567 3695 597 3748 c'a
609 3711 688 3749 acam
701 3695 820 3750 66616111
836 3695 955 3749 OKeller
1051 3694 1083 3748 13
1101 3697 1132 3747 ut
1149 3694 1321 3762 puniamur-

198 3779 250 3847 ipsi
273 3778 400 3834 faciamus
423 3796 473 3835 om.
491 3780 519 3833 Β
536 3796 571 3833 m.
590 3785 605 3834 1
711 3780 743 3834 14
766 3779 859 3847 punire
876 3780 932 3833 AB
951 3783 997 3834 ‘aa
1015 3781 1113 3848 puniri'
1130 3780 1262 3834 Halmius
1280 3781 1330 3834 cai·

199 3865 339 3931 assentiar,
357 3866 413 3920 aiei
423 3865 496 3930 forte
509 3871 573 3932 poa
585 3868 675 3919 autem
687 3865 819 3920 cecidisse
831 3882 890 3918 eum
903 3866 997 3928 malim
1016 3866 1108 3933 punire
1121 3881 1168 3918 uos
1181 3866 1259 3918 deum
1272 3865 1326 3934 ipsi

199 3952 268 4006 coai.
291 3951 494 4008 Ritterolraec'aa
597 3952 710 4006 iacimus
733 3952 813 4019 ditm
836 3952 925 4006 ‘immo
947 3951 1084 4006 faciamus’
1108 3951 1239 4004 Halmius
1256 3951 1327 4018 qaod

198 4037 289 4105 recepi
391 4036 583 4107 reponimur
602 4038 630 4092 B
655 4037 797 4106 puniamus
815 4037 855 4103 A,
875 4038 948 4106 qaod
965 4038 999 4092 ab
1017 4038 1137 4092 auctoris
1154 4052 1242 4091 macca
1256 4053 1328 4104 pro-

154 4176 155 4179 ,
197 4123 299 4188 factam
322 4129 376 4179 6616
397 4123 492 4194 6611166
515 4139 549 4178 aa
571 4140 657 4194 seqq:
684 4124 749 4193 quia
764 4123 892 4192 ....ipee
915 4140 942 4178 se
965 4126 1046 4193 punit
1070 4130 1097 4179 et
1114 4128 1193 4192 poso.-
1219 4122 1276 4190 ipce
1299 4138 1330 4175 se

197 4210 296 4280 alligat
400 4210 431 4264 11
449 4211 844 4280 unusquisque-peccatorum
862 4227 968 4265 suorum
987 4227 1036 4265 om.
1055 4212 1083 4263 A
