3076 4764
441 245 479 301 de
496 245 636 317 gubern.
653 247 709 302 dei
732 246 793 303 1111
812 251 827 314 5
844 248 922 305 3-8.
1203 252 1246 320 65

112 439 242 505 sancius
272 454 330 502 nec
358 434 452 502 fidem
485 435 612 519 qnidam
644 434 730 503 dieat
762 436 944 504 hominibus
965 437 1150 506 Christianis
1177 442 1246 508 sins

112 540 261 627 operibns
284 539 374 606 bonis
393 557 484 622 posse
505 541 663 622 prodesse.
697 543 730 606 ei
749 540 862 624 ntique
878 541 980 607 mulie
993 542 1064 626 pins
1079 543 1129 609 eci
1150 541 1244 611 fldem

113 643 245 711 ussau-
262 660 359 726 qnam
391 648 523 728 nemen,
557 643 631 725 qnia
656 659 769 710 nomen
801 643 992 711 cunabulum
1021 645 1070 712 esi
1095 645 1243 726 heminis,

112 746 192 815 idm
220 747 329 815 auium
360 745 480 812 irncins
510 746 560 811 esi
587 747 713 812 mentis.
747 749 781 812 ei
800 750 910 815 umen
938 747 1024 815 huns
1042 748 1148 832 ipsum
1169 747 1257 815 fidei

91 850 254 917 sincium
288 848 521 915 indnctnnsnm
560 848 719 934 apostulus
752 850 825 916 sine
866 849 1031 935 operibns·
1050 850 1140 919 bunia
1166 869 1244 919 ‘asse

112 955 251 1020 imisinn
282 951 406 1019 dicens:
440 951 544 1018 fidas
575 952 661 1018 sina
693 954 885 1036 operibus
917 957 1074 1021 murina
1106 957 1174 1023 ead.
1211 959 1245 1023 ei

112 1057 248 1124 aarum:
279 1055 392 1123 sioni
423 1056 527 1122 anim
561 1073 705 1140 carpus
736 1056 821 1123 sine
848 1056 1017 1141 spiritu,
1049 1059 1112 1125 sin
1138 1059 1244 1126 fides

113 1160 198 1227 sine
217 1159 406 1246 operibns
428 1159 547 1226 benis
569 1159 726 1225 mortua
747 1162 817 1226 esd
847 1158 936 1227 addid
953 1163 1245 1247 qnoqueasperiera

113 1263 268 1348 qnasdaun
280 1263 330 1331 ad
351 1262 582 1330 confundendos
605 1281 667 1342 eos,
690 1264 743 1347 qui
759 1264 820 1331 sibi
842 1266 1097 1348 praesumptione
1110 1265 1245 1335 Oiniad-

80 1386 191 1435 uam
210 1366 283 1433 fidei
305 1368 522 1435 blandiuntur.

155 1488 198 1554 II.
232 1488 294 1556 Sed
322 1488 402 1554 dicii
429 1487 560 1571 aliquis:
587 1489 624 1554 in
645 1486 739 1554 iidem
761 1487 857 1554 habas
880 1491 911 1555 ei
934 1504 990 1575 ego
1013 1490 1106 1572 opera
1127 1488 1272 1556 habscz'd

114 1591 242 1658 ostende
263 1591 343 1657 mihi
363 1591 433 1657 siue
461 1591 606 1675 operibus
631 1590 726 1657 fidem
747 1591 838 1658 inam
860 1595 892 1657 at
914 1608 971 1678 ege
992 1591 1159 1659 ostendam
1179 1592 1242 1660 cibi

114 1711 150 1760 ex
171 1694 314 1778 operibus
335 1693 430 1760 fidem
452 1710 564 1759 meam.
597 1711 658 1778 qne
679 1692 863 1778 niiquehoc
884 1693 1011 1774 indicet,
1033 1696 1122 1761 acius
1144 1695 1244 1764 bcncs

114 1797 308 1866 vinaticum
329 1797 401 1864 fidei
424 1798 515 1880 quasi
536 1798 636 1864 usses
658 1816 734 1877 esse,
758 1798 833 1881 quia
855 1796 1051 1865 summanus
1073 1799 1244 1886 nisi'cpera

83 1899 196 1967 ubcna
216 1890 335 1978 fuerit,
356 1900 453 1966 iidem
473 1919 563 1968 suem
584 1900 710 1986 penitus
726 1901 896 1986 adprobare
913 1920 976 1968 non
997 1902 1107 1985 possit,
1131 1920 1168 1970 ac
1188 1922 1244 1989 per

113 2005 171 2072 huc
191 2007 276 2089 quad
296 2007 427 2090 probare
450 2021 513 2070 non
535 2005 641 2071 ualeat
663 2005 818 2089 quincii,
846 2007 891 2072 sie
914 2006 1040 2071 omnine
1062 2006 1244 2073 habendum

114 2126 190 2176 sane-
205 2110 295 2193 qnasi
316 2124 378 2175 nen
398 2108 451 2200 sii.
485 2126 559 2174 nam
581 2127 676 2191 quam
697 2126 754 2191 pro
783 2108 872 2174 nullo
893 2108 954 2174 hoc
974 2108 1155 2175 habendum
1177 2109 1244 2175 exi·

112 2213 270 2292 simassi,
292 2212 327 2277 in
347 2210 483 2278 subditis
505 2211 616 2277 statim
636 2212 704 2295 ipse
725 2211 938 2290 demonstrat,
960 2210 1067 2278 dicens
1089 2213 1129 2278 ad
1150 2211 1244 2278 dhri-

113 2317 264 2383 siinnnm:
297 2316 339 2382 in
368 2314 499 2382 credis
527 2315 619 2397 quia
648 2331 751 2379 unus
774 2314 834 2379 esi
855 2318 956 2381 dens.
993 2316 1091 2382 bene
1120 2315 1242 2381 facis:

83 2423 152 2486 aed
172 2421 383 2487 daemones
405 2417 572 2485 creduni
586 2421 623 2483 et
639 2420 974 2485 contremescunt.
998 2417 1272 2498 consideremus

114 2522 188 2608 quid
209 2522 346 2590 uoluerit
366 2523 425 2590 hoc
446 2522 513 2588 locu
536 2522 694 2606 apostolus
717 2520 829 2601 dicere,
850 2539 910 2587 nac
931 2519 1104 2588 irascamur
1125 2520 1242 2588 diuinis

113 2625 303 2693 iesiimnniis
325 2625 379 2692 sed
400 2626 654 2709 adquiescamus,
682 2643 738 2692 nec
760 2625 1010 2691 contradicamus
1039 2624 1095 2690 sed
1116 2622 1243 2709 profici·

114 2748 212 2797 amns.
255 2731 299 2796 in
331 2730 477 2814 credis,
499 2728 615 2812 'inquii
647 2729 687 2795 ad
721 2727 935 2796 Ohrisiiannm
967 2744 1068 2795 sermo
1103 2727 1241 2803 diuinus,

113 2837 212 2918 quod
243 2833 334 2899 dens
362 2850 463 2898 unus
490 2833 558 2897 esi.
591 2830 690 2897 bene
718 2831 835 2898 iacis:
871 2836 908 2898 et
930 2832 1139 2899 daemones
1162 2848 1243 2897 cre·

83 2935 210 3002 edunt
237 2937 276 3002 ei
303 2936 638 3001 contremescunt.
670 2933 824 3018 numquid
854 2935 970 3001 errauit
988 2934 1176 3019 apostolus,
1206 2937 1243 2999 ui

114 3038 249 3106 hominis
270 3037 442 3105 Christiani
473 3037 568 3104 fidem
602 3037 745 3104 daemoni
773 3040 997 3122 compararet?
1029 3056 1091 3104 non
1118 3038 1241 3121 utique:

115 3143 168 3208 sed
190 3141 354 3209 ostendere
375 3141 455 3208 illud
477 3141 600 3220 uolens,
630 3142 711 3224 quod
733 3140 971 3224 supradictum
992 3143 1054 3220 esi,
1081 3140 1154 3223 qnia
1175 3140 1242 3206 siue

114 3245 259 3329 operibus
286 3245 376 3312 bonis
397 3245 478 3311 nihil
499 3245 560 3312 sibi
581 3263 636 3328 per
656 3243 729 3311 fidei
751 3244 955 3328 supercilium
975 3256 1126 3329 usurpare
1147 3242 1243 3309 debe-

216 3429 400 3499 eldeum
477 3428 896 3497 dlee.a‚2cef.lau2,18
972 3427 1174 3499 lunasnils

164 3587 183 3642 3
205 3589 249 3642 ast
264 3586 427 3643 uocabulum
449 3586 478 3641 B
583 3585 616 3640 12
632 3585 712 3640 iidem
727 3584 787 3640 sina
804 3584 929 3654 operibns
946 3584 975 3640 Β
991 3583 1067 3654 (add.
1085 3583 1167 3639 iidem
1183 3599 1205 3640 a.
1222 3584 1243 3640 i.

111 3679 176 3740 pecc
192 3673 274 3742 open]
366 3673 400 3728 13
417 3671 501 3727 bunos
519 3687 553 3728 eac
570 3671 656 3726 bonus
673 3674 701 3726 A
718 3686 790 3727 corr.
800 3686 836 3727 m.
848 3686 902 3727 rac.
947 3686 950 3691 ’
997 3670 1033 3727 14
1048 3669 1128 3726 iestis
1145 3669 1174 3725 Δ

115 3758 149 3814 ld
163 3758 290 3829 poenitus
307 3760 336 3814 A
425 3756 457 3812 17
475 3756 525 3813 ‘aa
535 3756 725 3813 existimarit?
743 3756 889 3824 Helvetium
904 3755 1040 3823 secedim
1051 3754 1242 3827 ρωόᾶεωιεκε

115 3845 282 3913 meaa,
303 3844 354 3902 sed
369 3859 427 3900 aaa
443 3844 615 3913 masmim
641 3840 678 3910 df.
697 3842 859 3899 Haud:
884 3841 923 3898 Et
941 3840 1049 3914 quidem
1071 3841 1167 3897 minui
1183 3855 1243 3911 pca-

115 3930 179 3999 aim,
204 3932 278 4002 qnod
300 3931 351 3986 hoc
372 3944 427 3986 non
448 3944 541 3984 omnes
563 3930 671 3985 cumino
694 3929 815 3985 decerent
915 3929 952 3984 10
977 3926 1187 3984 mnircmimnni
1206 3941 1243 3984 cc

115 4018 327 4073 mnirsmeseuni
344 4017 373 4071 A
388 4030 460 4073 corr.
472 4032 507 4072 m.
519 4029 574 4071 rac.
592 4017 657 4071 dam
667 4016 753 4085 cuais
766 4019 832 4085 poc
844 4015 886 4071 die
987 4013 1022 4070 12
1039 4013 1242 4086 adquiescamus

115 4116 163 4158 nec
184 4102 396 4158 mniradicamus
418 4115 620 4157 ac-eacamnr
640 4100 833 4160 et-diasnur
850 4101 879 4156 Δ
894 4114 967 4158 cess.
981 4115 1020 4158 aa
1034 4100 1104 4167 scas
1126 4099 1191 4157 dem
1207 4097 1242 4154 16

115 4187 232 4245 heminis
249 4203 285 4244 asa
300 4188 423 4245 heminas

166 4292 245 4350 VIII.
1122 4290 1139 4344 5
