3076 4764
545 279 582 331 de
600 277 734 346 gubern.
753 277 808 330 dei
826 276 839 330 I
859 276 875 346 ξ
893 276 1004 332 48-51.
1296 279 1338 345 25

213 468 335 552 inquit,
366 488 450 534 enm
472 470 511 534 in
534 486 748 545 narcetem,
777 466 898 532 donec
926 468 1130 551 uiderent,
1157 469 1253 550 quid
1275 468 1337 533 iu-

212 573 323 638 beret
351 573 547 652 dominus,
572 572 639 654 qui
662 573 822 636 locutus
846 575 907 636 est
929 575 972 637 ad
995 571 1156 654 Moysen
1179 572 1336 638 dicens:

211 677 309 742 educ
342 675 616 758 blasphemum
645 680 756 741 extra
784 678 934 754 castra,
963 677 1002 740 et
1031 677 1181 758 ponant
1209 693 1336 740 omnes

211 782 280 862 qui
302 779 519 845 audierunt
550 795 688 843 manns
716 796 834 860 snper
868 781 985 862 capnt
1012 778 1095 842 eius
1128 781 1164 842 et
1186 777 1336 859 lapidet

192 900 295 946 seam
317 883 487 965 populns
510 881 736 946 uniuersus.
773 881 927 965 numquid
953 899 1015 946 non
1042 899 1188 964 praesens
1217 880 1267 945 dei
1290 880 1390 946 est50

212 985 476 1067 manifestumque
504 983 656 1050 iudicium
686 987 718 1050 et
750 985 873 1066 prolata
895 984 986 1067 quasi
1007 984 1095 1050 iuxta
1116 983 1246 1048 humani
1267 1002 1336 1049 exa·

211 1088 307 1152 minis
330 1088 462 1152 formam
492 1087 621 1152 caelesti
650 1087 874 1169 disceptatione
900 1088 1082 1152 sententia?
1118 1087 1255 1169 primum
1284 1092 1337 1171 qui

211 1193 395 1273 peccauerat
418 1189 661 1273 comprehensus
688 1193 751 1272 est,
783 1190 919 1254 secundo
946 1191 1033 1272 quasi
1056 1190 1096 1254 ad
1117 1189 1258 1256 tribunal
1281 1191 1337 1256 ad·

213 1294 336 1373 duetus,
360 1295 453 1358 tertio
476 1296 652 1374 accusatus,
676 1292 787 1358 deinde
811 1293 843 1355 in
859 1309 1014 1357 carcerem
1034 1291 1158 1376 missus,
1180 1295 1337 1374 postremo

176 1417 203 1457 ro
211 1392 358 1463 caelestis
382 1397 487 1463 iudicii
513 1398 698 1462 anctoritate
720 1399 864 1476 punitus:
888 1413 979 1478 porro
998 1398 1103 1461 autem
1126 1414 1186 1462 non
1209 1399 1336 1478 punitus

211 1504 338 1566 tantum
360 1503 413 1565 sed
436 1502 565 1582 punitus
588 1504 647 1567 snb
669 1500 859 1576 testimonio,
887 1504 923 1564 ut
945 1500 1092 1564 damnare
1107 1499 1229 1564 scilicet
1251 1500 1337 1564 uide·

211 1608 299 1668 retur
314 1623 403 1669 reum
419 1603 544 1668 institia
559 1620 620 1668 non
636 1606 785 1687 potestas,
809 1603 948 1685 exemplo
963 1601 1084 1667 scilicet
1100 1602 1138 1666 ad
1155 1602 1336 1667 cunctorum

210 1708 460 1773 emendationem
482 1705 677 1790 proficiente,
700 1708 737 1769 ut
758 1724 798 1770 ne
821 1705 875 1788 qui
901 1705 1009 1787 postea
1030 1705 1224 1784 admitteret,
1253 1707 1335 1788 quod

211 1810 311 1874 omnis
335 1810 367 1873 in
392 1827 454 1874 uno
476 1808 610 1892 populus
639 1808 841 1873 uindicasset.
886 1808 943 1874 hac
968 1807 1066 1891 igitur
1093 1809 1216 1874 ratione
1241 1813 1335 1893 atque

175 1913 326 1980 rsiudicio
356 1913 461 1979 omnia
484 1915 557 1977 deus
579 1914 611 1977 et
643 1929 725 1976 nnnc
747 1912 815 1995 agit
837 1914 868 1975 et
896 1929 1019 1994 semper
1045 1913 1127 1994 egit,
1157 1914 1277 1978 scilicet
1301 1916 1337 1978 nt

210 2017 394 2082 correctioni
427 2016 569 2082 omnium
596 2015 760 2099 proficeret
792 2015 939 2098 quicquid
972 2015 1090 2098 singuli
1123 2016 1335 2097 pertulissent.

210 2120 292 2185 siout
313 2120 410 2185 etiam
432 2119 514 2183 illud
537 2117 607 2199 fuit,
632 2137 702 2184 cum
726 2117 812 2183 Abiu
834 2121 868 2182 et
892 2116 1013 2196 Nadab,
1041 2118 1241 2184 sacerdotalis
1264 2121 1385 2187 sau-51

211 2223 315 2307 guinis
339 2223 417 2301 uiri,
451 2223 580 2288 caelesti
603 2221 676 2305 igne
706 2220 884 2302 consumpti
913 2223 1004 2286 sunt:
1032 2221 1064 2284 in
1095 2223 1206 2304 quibus
1228 2221 1336 2303 ntique

210 2346 271 2392 non
293 2325 446 2392 iudicium
467 2324 594 2388 tantum
616 2326 668 2389 sed
690 2341 839 2406 praesens
865 2324 1028 2388 ostendere
1050 2324 1125 2388 deus
1151 2323 1254 2388 uoluit
1275 2323 1336 2387 im·

175 2433 407 2514 repondensque
421 2427 583 2494 iudicium.
601 2427 646 2492 sic
662 2428 748 2491 enim
762 2428 915 2509 scriptum
928 2430 984 2503 est,
1000 2427 1092 2510 qood,
1108 2445 1181 2492 cnm
1196 2445 1337 2511 egressam

210 2532 292 2614 ignis
315 2552 333 2599 a
356 2533 479 2597 domino
497 2532 676 2595 decorasset
697 2529 923 2612 holocaustum,
947 2529 1121 2611 arreptis
1144 2528 1276 2595 Nadab
1299 2530 1337 2595 et

210 2635 311 2700 Abiu
334 2635 420 2700 filii
442 2634 574 2699 Aaron
603 2632 801 2698 turibulis
829 2636 1048 2717 posuerunt
1070 2633 1196 2716 ignem
1219 2638 1258 2699 et
1281 2635 1335 2700 in·

210 2757 369 2803 censum
402 2741 582 2820 desuper,
616 2736 832 2802 offerentes
866 2755 993 2802 coram
1022 2738 1176 2803 domino
1209 2739 1336 2822 iguem

209 2841 398 2926 alienum,
414 2844 513 2923 quod
530 2841 584 2906 eis
599 2845 851 2925 praeceptum
867 2858 940 2906 non
956 2845 1059 2922 erat,
1076 2859 1337 2924 egressusque

173 2943 315 3024 asignia
355 2964 374 3008 a
410 2945 817 3012 dominodeuoranit
858 2962 937 3026 sos,
981 2944 1019 3008 et
1061 2946 1206 3010 mortui
1244 2945 1337 3009 sunt

210 3062 336 3112 coram
359 3047 526 3113 domino.
555 3048 627 3130 qnid
652 3047 736 3113 enim
758 3047 844 3114 alind
868 3067 962 3131 qoam
984 3049 1143 3113 extentam
1164 3065 1259 3130 snper
1280 3065 1335 3113 nos
1371 3080 1374 3091 ·

208 3153 365 3216 dexteram
379 3169 469 3217 snam
484 3154 516 3216 ot
530 3151 746 3216 imminentem
761 3150 877 3233 iugiter
889 3150 1030 3236 gladium
1045 3149 1146 3216 noluit
1162 3150 1335 3232 ostendere,

284 3376 285 3380 ¹
310 3355 344 3408 21
362 3354 450 3408 Leuit.
468 3353 510 3419 10,
530 3354 593 3423 leq.

259 3523 334 3576 {rest
352 3539 402 3578 ona
421 3523 449 3576 Β
466 3528 527 3579 m.1
632 3523 648 3577 9
671 3526 811 3578 aecusator
829 3523 856 3577 Β
959 3522 1056 3576 missus
1074 3522 1102 3577 Β
1118 3538 1152 3576 m.
1172 3524 1192 3577 2
1210 3538 1230 3577 a.
1249 3523 1268 3578 l.

209 3607 243 3660 10
264 3624 328 3677 pus*
344 3610 372 3663 A
389 3625 409 3664 a.
427 3625 479 3665 scr.
497 3626 531 3664 m.
550 3624 603 3664 rec.
621 3609 696 3663 nitus
800 3609 834 3663 12
856 3608 890 3663 ad
914 3609 1079 3683 enumerem]
1099 3608 1285 3664 adiunctorum
1308 3610 1337 3664 Β

208 3693 242 3747 13
264 3695 416 3763 proficiente
438 3711 472 3751 coc
494 3695 678 3766 proficiscente
697 3711 714 3748 v
735 3711 804 3751 corr.
828 3693 1074 3762 (Brassieoooaedlr
1100 3693 1284 3765 profmscente
1308 3698 1335 3752 A

208 3778 418 3847 proficiscentem
444 3782 472 3835 Β
575 3797 608 3836 ne
630 3781 691 3851 quie
713 3781 741 3834 Β
845 3781 877 3836 15
901 3796 1009 3850 semper.
1034 3781 1092 3851 egit
1115 3781 1217 3837 scilicet
1240 3783 1269 3838 Β

208 3864 242 3919 16
259 3867 370 3921 sectioni
387 3867 506 3921 omnium
523 3868 551 3921 A
664 3866 696 3921 17
718 3867 774 3921 fuit
791 3892 832 3922 m
849 3867 989 3937 sanguinis
1007 3870 1036 3922 A
1148 3869 1181 3924 18
1198 3871 1292 3940 ntique
1309 3895 1336 3925 «s

207 3952 317 4004 tantum
333 3967 430 4007 mere
447 3951 512 4007 deus
529 3952 618 4008 uoluit
635 3953 663 4006 A
768 3953 800 4008 19
817 3952 882 4008 deus
900 3952 1041 4009 ostendere
1057 3953 1146 4009 uoluit
1164 3953 1192 4008 Β
1294 3955 1335 4010 in·

208 4034 415 4106 pendensqneB
501 4038 677 4108 dosoriptum
690 4041 731 4093 eet
744 4039 985 4095 uslocaustumA
1069 4041 1102 4096 21
1122 4040 1222 4111 creptis
1241 4043 1268 4096 A

207 4120 242 4174 22
259 4122 553 4178 Aaronfflofferentes
570 4125 598 4178 A
683 4125 1045 4197 fideliorummquelgnis
1058 4128 1085 4181 A
1171 4127 1335 4185 aedomino.

206 4232 247 4260 m
259 4222 305 4276 per
317 4235 331 4262 ι
344 4207 477 4265 dexteram
495 4212 524 4264 A
626 4210 659 4264 27
678 4211 816 4266 ostendere
832 4227 884 4268 cm.
902 4212 930 4267 Β
948 4217 1013 4268 m.1
