3076 4764
223 287 286 352 266
708 282 866 336 Saluiani

225 472 347 537 saeculo
377 489 493 552 pauper
526 469 613 549 uelit,
646 473 783 552 praestet
813 470 872 534 sibi
903 469 1011 533 saltim
1041 488 1080 532 ne
1110 467 1143 531 in
1166 469 1349 535 aeternitate

224 576 387 640 mendicet.
430 575 483 656 qni
516 578 712 655 praesentem
749 573 886 655 inopiam
923 575 1048 637 tantum
1085 570 1197 654 fugitis
1230 591 1285 636 our
1317 574 1351 637 in

222 683 408 762 perpetuum
430 694 491 741 non
513 676 746 740 reformidatis?
778 676 811 739 in
834 675 982 740 breuibus
1005 674 1182 739 meticulosi
1204 675 1297 758 longa
1319 681 1351 740 et

223 781 469 846 interminabilia
490 781 601 845 nitate.
632 780 707 861 quid
729 782 889 860 tantopere
911 781 943 843 in
967 777 1034 842 uita
1056 778 1118 842 ista
1132 782 1351 860 paupertatem

222 885 366 963 horretis,
389 884 464 966 quid
488 882 714 964 expauesoitis?
741 883 846 947 minus
869 882 971 946 multo
994 883 1042 946 est
1058 881 1206 963 quod-hic
1221 881 1351 948 timetis.
1374 904 1387 943 5

170 980 250 1054 essi
282 988 470 1052 tenuitatem
504 987 725 1068 temporariam
758 1003 888 1070 grauem
922 984 1045 1063 ducitis,
1079 984 1190 1068 qualis,
1226 1004 1350 1070 quaeso,

223 1091 279 1157 illa
300 1092 360 1155 erit
383 1109 460 1172 quae
484 1108 656 1171 numquam
678 1088 820 1153 desinet?
842 1090 929 1170 quasi
953 1088 1051 1152 uestri
1068 1087 1151 1169 apud
1174 1106 1229 1152 nos
1253 1089 1351 1152 animi

222 1213 288 1258 rem
319 1193 441 1276 agimus
470 1193 628 1275 nostrique
651 1193 727 1257 uoti.
765 1192 792 1255 si
817 1210 876 1256 usu
899 1194 1077 1256 uestrarum
1100 1211 1204 1256 rerum
1227 1194 1351 1272 penitus

224 1317 326 1362 carere
346 1317 409 1363 non
430 1297 538 1373 uultis,
568 1297 600 1360 id
623 1297 707 1378 agite
730 1315 768 1360 ne
798 1295 964 1377 aliquando
989 1297 1133 1359 careatis.
1172 1295 1352 1361 deliciosam

223 1401 352 1465 anobis
381 1419 447 1465 rem
470 1404 501 1465 et
523 1400 735 1482 uoluptariam
763 1401 931 1480 poscimus.
970 1400 1023 1479 qui
1053 1403 1118 1463 sine
1141 1399 1262 1464 diuitiis
1285 1419 1387 1464 om·1o

222 1506 296 1570 nino
330 1523 397 1569 esse
425 1523 485 1568 non
516 1503 726 1586 adquiescite,
761 1502 792 1568 id
822 1502 906 1585 agite
938 1506 973 1565 ut
1004 1501 1118 1567 diuites
1141 1521 1264 1585 semper
1287 1523 1352 1568 esse

221 1607 349 1690 possitis
380 1610 549 1674 secundum
579 1606 676 1671 illud:
711 1605 745 1669 si
776 1624 867 1689 ergo
896 1604 1156 1670 delectamini
1187 1607 1352 1672 sedibus

223 1713 263 1777 et
286 1709 578 1789 stemmatibus,
602 1726 713 1792 reges
736 1709 886 1789 populi,
913 1708 1078 1790 diligite
1101 1708 1350 1792 sapientiam,

171 1808 325 1879 69111111
348 1816 541 1896 perpetuo
570 1812 759 1897 regnetis.
798 1811 914 1895 alioqui
942 1814 994 1893 qni
1017 1830 1100 1877 error
1124 1814 1179 1877 aut
1202 1831 1278 1897 quae
1301 1816 1349 1878 in·

224 1917 312 1983 sarria
334 1918 382 1981 est
404 1928 592 1998 quemquam
613 1915 778 1980 hominum
801 1934 867 1980 asse
889 1923 987 1999 posse,
1017 1918 1070 1998 qui
1093 1917 1162 1982 acta
1184 1919 1214 1981 in
1238 1918 1350 1998 amplis
1360 1938 1386 1978 15

163 2099 164 2102 Ἴ
223 2021 341 2103 opibus,
366 2020 448 2102 quod
471 2021 573 2084 solum
588 2018 707 2083 sufficit
723 2022 761 2084 ad
776 2020 908 2097 reatum,
933 2021 1086 2102 usquead
1104 2020 1185 2085 diem
1202 2019 1352 2086 ultimum

222 2128 291 2190 uita
313 2143 352 2189 ne
373 2127 404 2190 in
427 2142 569 2206 supremo
600 2123 726 2205 quidem
750 2124 833 2189 exitu
856 2124 942 2207 large
965 2142 1000 2187 ac
1021 2124 1190 2189 salubriter
1213 2124 1261 2189 sui
1284 2145 1352 2190 me·

172 2242 177 2289 .ῑ
222 2247 290 2292 mor
318 2228 370 2305 sit,
404 2229 516 2292 necin
545 2228 615 2310 ipsa
644 2228 708 2291 iam
731 2229 769 2292 de
795 2247 850 2294 suo
880 2227 1007 2292 sibimet
1038 2245 1132 2309 aegra
1154 2231 1352 2294 extremitate

223 2334 383 2399 succurrat
414 2330 611 2416 (praesertim
641 2350 711 2395 cum
739 2331 771 2395 in
801 2329 921 2396 diuitiis
944 2351 999 2412 per
1021 2350 1054 2395 se
1078 2331 1237 2396 dominum
1260 2350 1352 2397 accu-

222 2436 365 2501 santibus
396 2436 567 2500 secundum
600 2436 680 2499 illud
708 2427 788 2499 ‘uae
818 2435 938 2499 uobis
968 2427 1139 2512 diuites',
1171 2436 1267 2500 etiam
1290 2436 1387 2501 aliano

223 2540 283 2621 ipsi
319 2539 444 2604 domino
477 2541 675 2620 peccatorum
708 2555 822 2622 genera
855 2554 917 2601 non
952 2538 1072 2620 desint,
1104 2556 1184 2620 quae
1217 2538 1250 2602 in
1283 2541 1351 2619 ipso

223 2642 407 2708 dinitiarum
428 2641 498 2707 sinu
520 2644 612 2723 atque
634 2641 764 2706 matrice
778 2641 868 2723 quasi
891 2643 924 2706 in
940 2642 1076 2706 naturali
1091 2644 1227 2725 quodam
1241 2643 1352 2708 fomite

223 2747 431 2827 pullularint),
455 2747 486 2809 et
508 2763 567 2809 non
591 2744 642 2809 uel
665 2745 698 2808 in
720 2744 844 2809 ultimis
866 2747 930 2809 suis
953 2745 985 2810 id
1008 2747 1083 2830 agat
1104 2746 1136 2810 id
1159 2745 1299 2810 elaboret
1320 2747 1351 2810 id

223 2849 309 2913 omni
338 2867 442 2912 rerum
471 2866 598 2913 suarum
628 2847 750 2912 ambitu
781 2849 1005 2929 promereatur,
1038 2869 1076 2912 ne
1106 2866 1175 2912 reus
1202 2851 1291 2912 exeat
1314 2867 1352 2912 ne

223 2969 294 3015 rens
328 2951 423 3016 uadat
459 2969 496 3014 ne
536 2951 740 3015 cruciandum
772 2953 882 3033 postea
916 2969 1024 3032 corpus
1059 2953 1226 3017 crucianda
1254 2953 1387 3016 etiamst

174 3049 216 3116 10
225 3054 263 3118 ad
294 3072 438 3135 praesens
467 3054 572 3120 anima
595 3055 811 3138 derelinquat?
845 3057 915 3138 quis
949 3072 1022 3138 ergo
1056 3058 1105 3120 est
1137 3060 1192 3120 aut
1213 3057 1280 3120 tam
1302 3056 1353 3119 in-

175 3160 185 3207 ῑ
224 3155 326 3221 fidelis
349 3160 403 3221 aut
425 3160 493 3220 tam
515 3158 655 3234 insanus,
679 3158 733 3241 qui
756 3158 908 3223 baeonon
924 3159 1039 3241 cogitet
1062 3157 1139 3223 baec
1154 3176 1215 3223 non
1231 3158 1351 3233 timeat,

225 3261 278 3343 qui
306 3261 344 3325 de
375 3261 552 3326 substantia
585 3278 642 3325 sua
675 3261 744 3325 aliis
776 3262 878 3343 magis
913 3279 1006 3345 quam
1041 3262 1102 3326 sibi
1136 3263 1286 3340 consulat,
1321 3265 1353 3326 et

327 3449 359 3502 12
378 3447 438 3517 Sap.
457 3449 482 3514 6,
501 3448 535 3501 22

276 3603 292 3656 6
316 3602 478 3656 tenuitatem
503 3618 537 3656 erc
560 3602 707 3656 tenuitates
726 3619 796 3658 corr.
813 3607 886 3658 m.2
909 3605 934 3656 Β
1039 3604 1054 3656 7
1079 3603 1129 3657 illa
1147 3605 1200 3657 erit
1224 3603 1251 3656 A
1269 3603 1354 3670 (qaod

223 3689 298 3756 sapit
315 3688 483 3757 Halmium:
512 3687 563 3742 erit
581 3688 630 3742 illa
647 3689 676 3742 Β
719 3712 722 3718 ·
778 3689 925 3758 Spenitus
948 3690 976 3743 B
1078 3690 1263 3758 poatpenitns
1282 3705 1353 3744 erac.

224 3775 291 3827 liin
307 3774 335 3827 A
354 3779 381 3828 et
393 3780 491 3842 mmet.
512 3791 565 3828 non
583 3776 616 3828 c'n
639 3775 667 3828 B
770 3774 803 3829 14
825 3777 951 3844 perpetuo
970 3791 1005 3830 aa
1020 3778 1177 3845 perpetuum
1195 3790 1264 3829 corr.
1283 3778 1354 3829 m.2

225 3857 253 3910 B
351 3860 453 3928 alioqui
471 3859 534 3914 add.
548 3860 580 3913 ia
591 3861 640 3927 pin.
659 3877 677 3914 n
694 3865 761 3915 m.2
779 3861 834 3914 AB
938 3862 971 3915 16
990 3862 1060 3930 quod
1079 3878 1112 3916 ea
1129 3877 1181 3930 quo
1200 3876 1268 3915 corr.
1287 3862 1354 3914 m.2

225 3944 253 3998 B
270 3945 334 3998 item
351 3946 445 3999 atatim
462 3945 563 4000 sufficit
581 3961 616 3999 err
632 3945 737 4001 suffecit
835 3947 867 4000 17
887 3964 919 4001 ne
937 3948 965 4000 A
987 3964 1020 4001 ne
1037 3964 1058 4002 a.
1072 3964 1123 4002 scr.
1142 3964 1156 4002 c
1173 3950 1240 4001 m.2
1257 3947 1285 4000 Β
1307 3963 1354 4001 nec

225 4031 266 4087 ad.
287 4031 422 4085 Balearica
525 4031 558 4086 1e
575 4046 653 4100 aegro
671 4032 874 4088 Rittercbaaiac
959 4034 1010 4088 ,19
1033 4033 1234 4088 accurrentibus
1259 4031 1287 4085 B

225 4116 259 4171 23
272 4131 328 4184 pro
346 4118 408 4183 etp
425 4117 518 4170 babet:
544 4116 588 4170 uel
607 4132 675 4184 quae
692 4117 800 4171 insania
817 4121 868 4179 est,
891 4122 923 4171 111
1025 4119 1061 4174 211
1078 4118 1354 4174 crucianda—anima

224 4203 252 4256 A
269 4209 295 4255 er
312 4206 375 4255 m.1
392 4202 420 4255 Β
440 4207 475 4266 (et
488 4201 527 4266 b):
548 4208 662 4270 (corpus)
682 4202 1017 4257 cruciandam-animam
1035 4208 1102 4259 m.2
1120 4205 1291 4258 BHatmius
