3076 4764
536 272 575 325 ad
593 271 771 327 ecclesiam
794 271 840 327 111
861 272 1005 337 sse-51.
1272 275 1336 342 285

208 462 382 545 refugerat,
411 461 465 543 qui
493 461 703 528 membrorum
733 478 859 527 suerum
888 462 1044 527 ulceribus
1073 480 1164 528 canes
1192 466 1335 545 paueret,

207 583 299 647 quem
333 565 488 630 scatentes
521 563 678 631 uermium
705 564 790 647 globi
824 564 920 629 etiam
954 565 1038 631 intra
1066 584 1204 631 recessus
1236 568 1336 649 peresi

208 669 343 750 eorporis
376 669 547 733 exararant.
586 687 603 733 e
637 667 743 749 granis
777 668 910 733 nimium
944 672 976 732 61
1010 668 1144 751 lugenda
1177 669 1387 736 66611616149

206 787 325 852 pauper
348 770 577 837 beatitudinem
599 770 677 836 emit
699 771 904 836 mendicitate
919 773 1007 836 diues
1023 772 1212 854 supplicium
1234 774 1335 839 facul-

185 875 289 940 61616
320 892 447 955 pauper,
471 891 544 939 cnm
566 875 690 956 penitus
713 875 760 940 nil
781 875 918 951 haberet,
941 877 1021 941 emit
1041 878 1183 941 aeternas
1206 877 1334 943 diuitias

207 978 356 1058 egestate.
396 981 553 1059 equanto
578 976 635 1042 has
658 976 780 1042 facilius
802 977 870 1043 tam
892 978 993 1042 multa
1015 997 1122 1044 rerum
1143 980 1336 1061 possessione

207 1079 294 1144 diues
314 1082 459 1162 potuerat
481 1099 657 1162 conparare,
681 1082 736 1163 qui
757 1082 838 1146 inter
861 1084 1017 1148 tormenta
1032 1085 1178 1147 aestuans
1198 1086 1228 1146 et
1251 1082 1334 1147 inter

206 1182 358 1264 supplicia
378 1183 589 1264 proclamans:
619 1188 745 1268 pater,
768 1184 881 1266 inquit,
905 1184 1121 1263 Abraham,
1146 1183 1336 1252 miserere

206 1285 282 1350 mei
311 1288 350 1351 et
380 1285 497 1350 mitte
528 1286 775 1365 Eleazarum,
807 1289 852 1350 ut
879 1286 1091 1368 intinguat
1120 1292 1336 1355 extremum

172 1387 328 1470 redigiti
362 1388 423 1453 661
451 1390 489 1454 16
518 1407 634 1472 aqua,
668 1393 711 1455 ut
733 1389 952 1472 refrigeret
985 1390 1165 1470 linguam
1195 1409 1334 1471 meam,

207 1493 297 1573 quia
320 1493 476 1557 crucier
497 1492 538 1556 in
560 1493 629 1559 hac
651 1493 821 1558 flamma.
860 1510 920 1558 nen
949 1494 1093 1559 horrebat
1116 1497 1192 1559 tunc
1214 1494 1336 1560 66111661

207 1594 294 1658 11666
317 1596 369 1659 1116
392 1595 534 1660 Eleazari
556 1597 709 1677 quendam
725 1596 873 1678 pauperis
888 1615 1017 1662 manum
1031 1615 1089 1662 nee
1105 1597 1335 1682 dedignabatur

208 1698 373 1762 auxilium:
405 1698 502 1762 inseri
531 1699 597 1764 eius
621 1699 736 1782 digitos
760 1702 882 1765 erisne
906 1704 937 1765 61
960 1701 1100 1784 mitigari
1122 1702 1333 1768 intolerandas

207 1799 344 1866 faucium
374 1799 518 1866 flammas
547 1802 632 1868 illius
662 1803 784 1885 pridem
814 1803 947 1868 faetidae
970 1821 1006 1868 ac
1028 1806 1198 1887 squalentis
1222 1823 1335 1871 manus

172 1922 334 1971 remunera
366 1906 556 1984 postulabat.
593 1924 610 1969 e
639 1907 756 1988 quanta
788 1924 895 1971 rerum
927 1908 1062 1972 mutatio
1096 1907 1179 1972 16616
1214 1909 1335 1974 fuerat!

207 2006 294 2088 tangi
327 2011 404 2072 tunc
427 2007 467 2072 ab
491 2026 527 2073 ee
550 2009 755 2087 desiderabat,
789 2028 882 2092 quem
915 2011 1012 2076 etiam
1044 2011 1149 2077 uidere
1178 2016 1250 2077 ante
1279 2012 1335 2077 de·

206 2110 353 2191 spexerat.

249 2228 322 2293 XII.
354 2232 439 2295 Η666
462 2251 535 2314 ergo
558 2232 672 2297 diuites
701 2234 846 2314 cogitent,
877 2235 930 2315 qui
952 2234 1104 2297 redimere
1126 2233 1333 2299 facultatibus
1341 2230 1385 2299 50

207 2333 272 2396 suis
301 2333 422 2410 nolunt,
451 2353 490 2398 ne
518 2336 581 2399 ista
608 2336 780 2417 patiantur.
817 2335 904 2400 diues
927 2336 989 2400 fuit
1010 2336 1075 2414 ille,
1105 2336 1143 2400 de
1166 2354 1225 2418 que
1248 2355 1333 2402 nunc

172 2435 372 2517 solequimur,
397 2437 511 2502 diuites
534 2439 609 2502 sunt
630 2439 662 2502 ot
684 2440 749 2517 isti,
773 2439 812 2504 61
835 2457 910 2520 quos
933 2457 1015 2502 nunc
1036 2439 1201 2521 loquimur.
1240 2441 1332 2506 unius

207 2542 282 2604 sunt
311 2541 462 2606 nominis:
494 2547 624 2607 caueant
647 2562 685 2606 ne
708 2544 772 2606 sint
801 2544 895 2606 otiam
918 2542 1107 2607 condicionis
1129 2543 1231 2608 nnius.
1270 2562 1333 2608 non

206 2641 384 2708 liberabunt
417 2646 500 2710 enim
533 2645 591 2709 filii
624 2645 737 2710 diuites
770 2649 913 2727 parentes
948 2663 1031 2722 reos,
1070 2664 1127 2710 nec
1160 2646 1334 2728 restinguet

207 2744 350 2809 flammas
373 2745 481 2810 miseri
510 2747 667 2812 testatoris
690 2748 810 2813 deliciis
832 2747 1018 2813 afluentibus
1041 2748 1208 2831 opulentus
1231 2749 1333 2815 heres.

208 2846 321 2912 durum
355 2849 404 2912 est
436 2849 476 2913 ab
510 2850 612 2931 aliquo
644 2849 718 2915 filiis
752 2868 787 2915 ae
819 2852 999 2933 propinquis
1035 2868 1147 2932 parum
1180 2848 1382 2935 relinquitbl

171 2953 309 3017 samnite
331 2955 378 3016 est
402 2952 509 3017 durius
531 2954 563 3017 in
587 2953 773 3018 aeternitate
794 2954 943 3036 torqueri.
974 2954 1083 3035 opinor
1101 2957 1183 3019 enim
1200 2955 1332 3023 diuitem

207 3053 308 3138 illum,
339 3072 408 3118 cum
431 3057 634 3137 torqueretur,
665 3074 725 3121 nen
747 3057 872 3122 tantum
896 3058 1093 3123 delectabant
1115 3075 1187 3140 opes
1208 3059 1333 3125 heredis

207 3157 254 3220 661
289 3161 440 3239 qnantum
473 3160 628 3240 angebant
661 3160 820 3225 tormenta
853 3162 988 3242 corporis
1021 3161 1079 3242 sui,
1113 3179 1175 3226 nen
1208 3163 1333 3227 tantum

309 3344 326 3398 8
348 3343 411 3397 Luc.
432 3345 472 3411 lti,
490 3345 525 3399 24

258 3513 416 3580 5paenitns
434 3514 461 3568 A
552 3515 676 3583 {linquit
694 3531 729 3569 666
746 3515 841 3583 inquid
859 3531 929 3570 corr.
947 3519 1013 3570 662
1030 3517 1058 3570 Β
1151 3516 1333 3573 9616666666

208 3615 276 3654 erec.
295 3601 336 3654 bis
353 3601 392 3654 111.
413 3601 550 3655 eredita
567 3607 598 3655 ui
622 3617 679 3656 nen
702 3602 813 3656 omnino
836 3604 982 3657 6666666611
1003 3603 1032 3656 A
1061 3603 1178 3658 lacerum
1200 3603 1242 3669 B,
1268 3605 1333 3658 item

202 3688 289 3755 penio
303 3693 368 3755 pest
386 3687 495 3741 61666661
514 3692 541 3742 61
558 3687 641 3741 lazari
729 3688 760 3741 11
780 3689 885 3743 eruebat
903 3688 930 3743 Β
1020 3689 1052 3743 13
1070 3691 1126 3742 6166
1144 3689 1226 3743 inseri
1244 3691 1333 3760 616616

207 3775 432 3841 transpositionis
449 3773 554 3826 66111116
572 3773 599 3826 Β
701 3773 894 3828 intollerandas
913 3775 940 3828 Β
1044 3776 1077 3829 14
1094 3775 1209 3829 16611166
1228 3777 1286 3843 (sic)
1305 3778 1333 3833 A

206 3859 283 3928 faede
309 3875 331 3913 6.
356 3876 407 3913 scr.
432 3876 467 3913 ne.
491 3861 511 3912 2
537 3858 561 3910 11
587 3858 614 3912 Β
733 3860 766 3913 16
793 3861 865 3914 16611
892 3861 920 3914 Β
1033 3861 1184 3928 disperaret
1207 3863 1262 3916 AB

207 3945 249 3999 18.
266 3947 301 3999 20
322 3944 600 4013 diuites-loquimur
619 3951 683 4012 post
706 3948 770 4000 sunt
792 3946 907 3999 nominis
928 3947 1007 4001 babet
1024 3947 1052 4001 A
1068 3947 1116 4003 sed
1132 3948 1219 4018 616616
1236 3954 1329 4003 trone-

204 4032 350 4098 positionis
367 4036 429 4086 m.1
449 4037 474 4086 61
490 4048 525 4087 m.
542 4033 562 4085 2
580 4046 600 4084 6.
613 4031 692 4084 66166
704 4047 755 4087 666.
768 4031 793 4094 b,
810 4047 832 4085 6.
846 4031 946 4086 diuites
957 4048 974 4087 6
985 4033 1026 4087 lit.
1121 4034 1153 4088 21
1167 4034 1331 4088 66611116616

207 4117 251 4170 bic
268 4118 296 4172 A
381 4118 415 4171 23
434 4117 532 4171 diliciis
550 4117 712 4172 afluentibus
730 4117 785 4171 AB
812 4118 848 4184 cf.
863 4119 1030 4187 paulopost
1047 4125 1073 4172 61
1090 4119 1129 4175 Η
1143 4124 1181 4175 48
1267 4136 1331 4188 epu·

207 4201 297 4256 lentus
315 4219 348 4258 66
367 4205 452 4257 -tibus
471 4221 540 4259 cerr.
559 4220 593 4258 66.
611 4206 631 4258 2
648 4203 676 4257 Β
778 4205 853 4258 lueres
876 4220 910 4259 666
933 4204 1040 4260 heredes
1057 4222 1125 4262 6666.
1143 4224 1178 4261 m.
1197 4209 1218 4261 2
1235 4207 1263 4261 A
