3076 4764
226 266 288 331 144
709 260 862 316 Saluiani

224 451 310 516 batio
342 450 419 516 iacit
452 468 518 516 esse
551 450 736 515 moderatos.
772 447 925 532 numquid
953 451 1061 533 populi
1090 451 1265 526 ciuitatum,
1296 450 1351 533 qni

224 552 376 637 impudici
397 552 489 618 rebus
511 554 668 636 prosperis
690 552 825 627 fuerant,
849 553 967 635 asperis
983 552 1062 618 casti
1077 571 1146 619 esse
1161 556 1352 637 cooperante

224 655 376 739 numquid
404 654 550 731 ebrietas,
581 673 660 737 quae
688 656 723 720 in
750 655 980 738 tranquillitate
1007 659 1041 721 et
1069 656 1261 722 abundantia
1283 676 1351 722 cre·

173 759 214 825 67
224 762 323 832 uerat,
345 759 451 824 hostili
474 758 583 824 saltim
605 757 843 840 depopulatione
866 758 1026 824 cessauit?
1055 762 1179 825 uastata
1194 763 1240 825 est
1255 758 1351 826 Italia

224 862 274 928 tot
306 862 371 928 iam
400 862 554 928 cladibus:
589 880 660 945 ergo
682 861 836 927 Italorum
863 862 945 926 uitia
976 863 1188 928 destiterunt?
1225 864 1384 930 obsessae

225 968 273 1030 est
302 965 377 1030 urbs
400 966 499 1030 Roma
526 967 559 1028 et
580 967 770 1048 expugnato:
808 983 880 1048 ergo
914 966 1073 1031 desierunt
1106 966 1280 1048 blasphemi
1313 983 1350 1030 ao

224 1066 332 1133 furiosi
347 1086 415 1133 esse
429 1069 586 1135 Romani?
603 1068 798 1133 inundarunt
813 1067 934 1134 Gallias
948 1069 1060 1154 gentes
1074 1068 1243 1135 barbarae:
1266 1088 1349 1152 ergo,

224 1172 376 1255 qnantum
398 1176 436 1238 ad
452 1190 552 1238 mores
574 1172 713 1256 perditos
735 1173 868 1255 spectat,
891 1191 954 1238 uon
970 1173 1079 1238 eadem
1094 1177 1169 1238 suut
1185 1173 1350 1241 Gallorum

224 1275 355 1342 crimina
387 1295 465 1359 quae
498 1276 647 1342 fuerunt?
683 1276 942 1342 transcenderunt
974 1277 1007 1341 in
1041 1277 1212 1357 Hispaniae
1249 1278 1349 1340 terrae

223 1377 330 1462 populi
351 1379 591 1446 Wandalorum:
614 1380 738 1445 mutata
760 1380 886 1462 quidem
909 1379 957 1444 ost
978 1398 1044 1445 sors
1059 1379 1271 1462 Hispanorum
1293 1380 1385 1447 sedro

173 1481 213 1546 68
224 1500 284 1547 non
299 1486 423 1548 mutata
438 1480 604 1548 uitiositas.
634 1485 797 1564 postremo,
820 1501 859 1547 ue
882 1500 944 1565 qua
959 1499 1029 1565 pars
1044 1482 1154 1546 mundi
1169 1480 1349 1548 exitialibus

212 1587 316 1651 'malis
347 1586 428 1650 osset
461 1587 627 1664 immunis,
654 1587 810 1669 nauigare
839 1605 894 1669 per
924 1586 1037 1651 flnctus
1060 1586 1143 1650 bella
1164 1588 1347 1667 cooperunt:

224 1706 301 1771 qnae
322 1690 454 1754 uasbtis
476 1688 604 1755 urbibus
633 1689 713 1754 mari
737 1688 852 1755 clausis
875 1689 908 1753 et
930 1687 1046 1754 euersis
1068 1686 1214 1753 Sardinia
1235 1705 1273 1752 ac
1295 1686 1347 1753 Si·

223 1791 304 1869 cina,
339 1792 370 1856 id
398 1795 447 1856 est
475 1791 631 1857 fiscalibus
654 1793 783 1874 horreis,
819 1794 913 1874 atque
935 1792 1048 1857 abcisis
1071 1791 1159 1856 uelut
1193 1789 1347 1856 uitalibus

223 1893 320 1973 uenis,
349 1894 489 1959 Africam
516 1894 616 1976 ipsam
647 1893 680 1958 id
708 1899 755 1959 est
785 1895 872 1977 quasi
903 1894 1389 1976 animamcaptiuauorerei·1a

223 1996 373 2082 publicae.
410 1996 567 2080 etquid?
600 1997 748 2080 ingressis
776 1999 894 2063 terram
922 1997 1011 2062 illam
1042 1997 1187 2079 gentibus
1211 1996 1348 2061 barbaris
1405 1982 1410 2002 “

223 2101 354 2166 forsitan
376 2101 426 2165 nel
449 2102 536 2165 metu
557 2101 637 2166 uitia
658 2098 843 2165 cessarunt?
865 2103 929 2182 ant,
953 2102 1034 2165 sicut
1057 2099 1170 2184 corrigi
1192 2099 1233 2164 ad
1255 2119 1347 2182 prae-

223 2221 294 2268 sens
317 2203 412 2268 etiam
435 2203 618 2285 nequissimi
642 2203 754 2286 quique
768 2221 929 2268 seruorum
944 2203 1053 2279 solent,
1076 2203 1268 2267 modestiam
1283 2202 1350 2267 sal-

172 2306 213 2371 69
222 2307 281 2371 tim
304 2325 339 2370 ac
361 2305 557 2387 disciplinam
579 2308 678 2370 terror
694 2304 847 2371 extorsit?
875 2305 944 2388 quis
961 2306 1126 2371 aestimare
1148 2306 1205 2370 hoc
1227 2305 1347 2370 malum

222 2408 345 2492 possit?
376 2408 648 2475 circumsonabant
669 2414 764 2474 armis
787 2426 892 2474 muros
915 2407 1019 2474 Cirtae
1041 2411 1134 2491 atque
1149 2407 1385 2494 Carthaginien

221 2513 328 2596 populi
356 2511 569 2588 barbarorum,
605 2512 638 2577 et
665 2513 799 2578 ecclesia
826 2510 1078 2594 carthaginensis
1106 2511 1283 2576 insaniebat
1313 2511 1347 2576 in

222 2616 310 2681 circis
331 2617 508 2682 luxuriabat
528 2617 563 2681 in
586 2616 726 2682 theatris.
761 2615 816 2681 alii
839 2616 915 2681 forie
937 2617 1160 2699 iugulabantur
1182 2615 1237 2679 alii
1260 2614 1346 2680 intus

221 2720 466 2785 fornicabantur:
500 2737 572 2801 pars
606 2719 705 2802 plebis
740 2720 808 2784 erat
840 2719 916 2784 foris
945 2720 1074 2800 captiua
1106 2719 1243 2783 hostium
1273 2735 1346 2799 pars

173 2823 307 2889 ldintus
339 2821 465 2904 captiua
494 2822 653 2886 uitiorum.
690 2821 779 2888 cuius
802 2839 868 2886 sors
890 2824 975 2905 peior
997 2822 1092 2887 fuerit
1112 2823 1265 2886 incertum
1288 2822 1346 2888 est.

222 2925 270 2990 illi
303 2923 430 3007 quidem
462 2929 550 2989 erant
584 2925 773 2990 extrinsecus
807 2943 907 3002 carno,
944 2926 1000 2990 sed
1032 2925 1086 2990 isti
1120 2925 1205 2989 intus
1240 2927 1387 2989 mentem

222 3027 361 3109 eaptiui,-
375 3030 406 3092 et
429 3047 466 3091 ex
487 3025 607 3092 dnobus
628 3027 776 3092 letalibus
795 3028 885 3092 malis
908 3027 1018 3110 leuius,
1042 3030 1078 3092 ut
1100 3045 1177 3105 reor,
1201 3031 1250 3092 est
1271 3045 1345 3110 cap·

221 3131 380 3196 tinitatem
416 3130 552 3213 corporis
585 3129 797 3196 Christianum
834 3150 929 3214 qnam
966 3131 1184 3214 captiuitatem
1222 3129 1346 3196 animae

222 3233 382 3314 sustinere,
415 3234 584 3300 secundum
612 3233 702 3312 illud,
732 3234 814 3315 quod
836 3234 926 3300 docet
947 3234 1085 3299 saluator
1106 3232 1173 3316 ipse
1195 3233 1228 3299 in
1250 3252 1345 3298 euan-

222 3339 315 3424 gelio,
338 3339 464 3422 grauius
487 3338 587 3404 multo
616 3337 792 3402 animarum
814 3339 948 3403 mortem
970 3354 1150 3419 essequam
1173 3354 1350 3419 corporum„

321 3563 356 3617 28
373 3561 436 3617 Luc.
455 3562 480 3627 9,
498 3561 533 3615 24

272 3768 286 3818 1
305 3765 453 3820 moderatos
472 3782 506 3820 ccc
524 3769 599 3821 atus
616 3767 643 3820 A
661 3783 730 3824 corr.
748 3783 783 3821 m.
801 3770 821 3820 2
923 3767 941 3820 2
963 3782 1020 3821 csse
1038 3765 1106 3820 casti
1123 3765 1152 3819 A
1168 3765 1217 3820 red
1235 3764 1353 3820 adtactu

219 3857 283 3906 sant
294 3867 328 3904 m.
342 3853 679 3925 ltroospoac'tc'onboipnc
782 3853 1012 3922 10HispaniaeA
1115 3853 1148 3906 13
1160 3851 1345 3920 quaenastatis

219 3936 266 3990 scd
282 3951 366 4004 serpso
382 3934 449 4006 (puae
466 3953 518 3993 scr.
536 3938 569 3993 de
585 3941 652 3993 aad
669 3939 709 4004 A;
725 3939 791 4006 sort.
810 3954 877 4007 quae
894 3939 1042 3993 deuastatis
1132 3937 1165 3994 14
1182 3939 1279 3992 abcisis
1296 3937 1352 3994 aed

219 4037 304 4090 asper
321 4037 335 4074 c
351 4037 403 4077 scr.
421 4040 434 4077 s
451 4027 524 4078 ma
546 4026 573 4078 A
677 4025 709 4080 16
731 4023 852 4079 barbaris
875 4024 1003 4094 gentibus
1026 4028 1124 4078 terram
1148 4023 1224 4078 illam
1247 4022 1275 4076 Β

220 4107 253 4162 18
279 4107 387 4176 quique]
416 4108 544 4178 quiquam
570 4109 598 4164 Β
717 4111 749 4166 21
777 4111 945 4180 carthaginis
971 4111 998 4165 A
1027 4110 1221 4179 cartaginensis
1247 4109 1275 4163 Β

219 4192 379 4262 acquiram
398 4193 426 4248 Β
529 4195 563 4250 26
580 4195 719 4251 totalibus
737 4196 765 4250 A
