3076 4764
224 266 285 336 1'58
691 262 866 317 tolutarii
924 284 935 313 s*
956 308 959 313 .
1001 307 1006 315 ,

224 454 419 520 officiosiores
441 454 559 536 absque
577 449 673 518 dubio
688 452 751 517 deo
772 451 1030 517 esse-debuerant.
1041 449 1341 533 auospeoutiariter

223 560 297 623 dous
319 553 821 621 abundantissimabenafiaibrum
835 572 962 620 suornm
984 553 1341 636 ornamentorum

223 658 306 724 enim
328 660 444 724 reetius
468 658 523 723 aut
545 658 618 739 quid
645 657 786 740 dignius,
819 674 914 740 quam
941 657 1112 740 nt'quibus
1129 666 1188 740 per
1211 663 1340 724 munera

205 782 279 829 sua
300 762 445 829 dominus
466 759 556 845 quasi
577 759 935 844 specialiter-uidebatur
956 759 1077 843 plaeere
1091 760 1235 840 uoluisse,
1257 761 1340 844 idam

223 883 344 948 quoque
366 864 530 948 specialius
552 863 675 940 domino
698 862 785 930 eultu
806 880 844 929 ao
866 862 1016 946 religione
1029 863 1237 946 plaauissent,⁴
1251 879 1375 945 praes

222 969 332 1033 sertim
353 986 426 1033 oum
446 984 465 1032 a
487 965 576 1033 nobis
598 969 683 1042 deus·
699 965 745 1033 nil
767 982 930 1033 onerosum
952 965 999 1030 nil
1020 982 1119 1048 graue
1135 965 1248 1049 exigat.
1274 982 1341 1041 aon

222 1071 306 1139 euim
328 1087 384 1137 nos
413 1069 452 1134 ad
474 1071 577 1135 aratra
599 1069 715 1135 autad
737 1069 856 1153 ligones
878 1069 981 1147 uoeat,
1004 1087 1067 1134 uon
1089 1071 1126 1134 ad
1156 1066 1341 1150 scindendas

222 1174 322 1239 terras
343 1188 443 1254 neque
466 1173 506 1236 ad
533 1171 640 1238 uineas
662 1170 872 1254 pastinandas,
894 1191 956 1237 non
974 1171 1106 1253 denique
1128 1169 1184 1236 illa
1204 1170 1301 1257 exigit
1322 1191 1342 1238 a

173 1274 320 1343 10saruis
343 1273 425 1355 suis,
448 1291 526 1358 quaa
548 1291 605 1339 nos
627 1273 784 1358 exiginms
802 1291 822 1340 a
848 1275 973 1340 nostris.
1017 1273 1250 1357 quidnamque
1272 1273 1341 1341 ait?

222 1380 358 1445 uenite
392 1379 437 1444 ad
473 1396 529 1444 me
565 1395 719 1455 omues,
764 1376 830 1459 qui
872 1376 1071 1443 laboratis
1109 1379 1148 1442 et
1185 1379 1374 1459 operatio

222 1481 340 1561 estis,
375 1484 414 1547 et
445 1498 515 1566 ego
547 1499 614 1547 uos
648 1480 846 1551 reficiam:
880 1480 1019 1546 toilite
1051 1481 1340 1571 ingemueris

223 1603 339 1667 super
373 1602 443 1653 nos
481 1585 519 1650 et
554 1583 701 1649 disoite
737 1603 756 1649 a
791 1602 872 1662 me,
908 1584 1003 1665 quia
1036 1585 1148 1648 mitis
1185 1601 1276 1653 sum
1302 1570 1341 1651 et

222 1686 391 1753 humilis
429 1687 559 1767 oorda,
596 1687 638 1752 et
669 1687 1110 1768 inuenietisrequiem
1137 1687 1340 1763 animabus

223 1791 385 1868 uestris3
407 1789 542 1874 iugum
564 1791 666 1855 enim
687 1808 809 1856 meum
832 1808 950 1856 suane
972 1790 1034 1855 est
1052 1792 1092 1863 et
1108 1808 1341 1860 onusmeum

222 1889 312 1960 leue
334 1895 402 1957 est.
447 1910 509 1958 non
531 1911 603 1983 ergo
625 1910 681 1958 nos
706 1891 745 1958 ad
766 1894 913 1959 laborem
926 1893 1021 1967 uooat
1054 1891 1197 1959 dominus
1218 1893 1279 1959 sed
1301 1894 1375 1963 adra

222 1993 429 2063 refaotionem.
466 1996 541 2079 quid
563 2011 697 2080 namque
718 2015 737 2061 a
757 1997 846 2068 nobis
868 1996 980 2081 exigit,
1009 1995 1082 2078 quid
1105 1996 1252 2078 praestari
1280 1995 1341 2063 sibi

222 2097 347 2163 anobis
362 2098 458 2179 iubet,
480 2101 541 2165 nisi
556 2101 655 2167 solam
675 2102 891 2167 tantummodo
905 2099 997 2166 fidem
1014 2097 1190 2165 castitatem
1211 2098 1341 2165 humili·

222 2200 320 2266 tatem
349 2202 549 2268 sobrietatem
578 2202 822 2269 miseridordiam
858 2203 1084 2273 sanotitatem?
1127 2219 1205 2284 quae
1232 2205 1340 2284 utique

173 2303 326 2370 llomnia
347 2322 408 2370 uon
430 2309 558 2372 onerant
580 2323 636 2372 nos
659 2305 712 2371 sed
734 2306 855 2373 ornant.
893 2324 950 2371 neo
970 2306 1073 2372 solum
1093 2305 1165 2386 boo,
1195 2304 1340 2378 sedideo

221 2407 333 2474 uitam-
350 2414 545 2491 praesentem
574 2404 700 2489 ornant,
734 2411 771 2475 ut
803 2408 941 2479 futuram
975 2427 1081 2479 omaro
1109 2410 1179 2491 plus
1208 2407 1374 2491 possintu

222 2529 240 2576 o
260 2511 377 2578 bonum
399 2530 416 2576 o
438 2513 526 2595 pium
541 2531 558 2578 o
574 2511 816 2579 inaestimabilis
836 2512 1066 2585 misericordiae
1082 2511 1263 2584 dominum!
1287 2509 1340 2592 qui

221 2615 265 2678 ad·
281 2613 340 2679 hoo
362 2615 451 2680 nobis
472 2615 506 2680 in
530 2615 686 2699 praesenti
714 2615 872 2698 religionis
894 2632 1026 2683 munera
1054 2614 1190 2693 tribuit,
1209 2616 1246 2680 ut
1267 2613 1340 2696 ,ipsa

222 2717 255 2780 in
277 2716 365 2782 nobis
385 2719 495 2799 postea
509 2736 587 2800 qnae
602 2736 685 2784 nuno
706 2719 761 2783 dat
775 2736 904 2785 munera
920 2719 1106 2786 muneretur.
1140 2719 1221 2783 tales
1243 2717 1340 2800 igitur

205 2818 317 2885 ‚etiam
340 2836 445 2885 omnes
468 2819 585 2902 absque
600 2820 694 2887 dubio
705 2820 856 2903 Aquitani
866 2832 937 2887 'esse
952 2821 1131 2902 debuerant,
1149 2825 1187 2889 :et
1202 2820 1338 2902 quidem,

222 2922 259 2986 ut
282 2921 427 3001 diximus,
451 2925 615 3003 specialius
637 2924 727 3002 tales,
751 2923 825 3005 quia
846 2923 991 3005 specialia
1017 2923 1068 2988 dei
1090 2940 1219 2988 munera
1240 2922 1373 3006 possi-aa

171 3019 347 3088 12debant.
379 3029 410 3089 et
432 3024 507 3107 quid
529 3026 600 3106 post
622 3025 696 3089 haee
719 3025 845 3090 omnia?
876 3026 951 3108 quid
975 3027 1147 3092 seeundum
1168 3028 1238 3091 esti
1264 3025 1339 3107 quid

221 3124 282 3190 nisi
305 3127 417 3192 ounota
439 3145 517 3210 qnae
540 3145 556 3192 e
579 3128 700 3192 diuerso
723 3131 820 3194 sunt?
856 3130 888 3194 iu
915 3129 1056 3195 omnibus
1085 3130 1196 3211 quippe
1228 3125 1338 3194 Galliis

221 3227 302 3293 siout
324 3228 444 3295 diuitiis
465 3231 560 3314 primi
582 3230 666 3296 fuera
688 3232 733 3297 sie
754 3231 856 3312 uitiis,
870 3250 1038 3314 nusquam
1061 3231 1151 3297 enim·
1167 3230 1338 3316 improbior

220 3533 225 3542 ι
268 3447 291 3455 ”
322 3459 356 3514 1o
379 3459 477 3514 uasta.
496 3459 538 3527 11,
555 3459 589 3513 aa

271 3671 285 3725 1
304 3671 434 3726 otdeiores
451 3687 472 3726 a.
489 3671 514 3726 oi
531 3686 581 3728 ear.
599 3688 634 3727 aa.
652 3673 673 3727 2
696 3672 735 3727 osi
753 3674 780 3727 A
880 3673 1056 3742 peanlianiter]
1075 3672 1271 3742 spetialiterB

220 3754 403 3810 2diotauerat
416 3762 514 3826 parret.
532 3773 547 3811 o
565 3758 593 3812 A
634 3752 637 3759 ’
692 3758 711 3812 6
731 3756 801 3812 nihil
824 3757 981 3813 honerosum
1005 3759 1033 3813 B
1134 3759 1151 3813 9
1174 3758 1230 3812 suia
1252 3758 1337 3812 seinis

220 3840 248 3894 Β
345 3842 384 3896 -10
405 3843 508 3897 onerati
525 3853 563 3898 eor
576 3843 701 3898 honorati
723 3844 750 3898 A
767 3860 836 3900 corr.
855 3849 927 3901 Μ
1029 3846 1064 3901 lb
1085 3848 1128 3900 eat
1149 3849 1260 3913 praeter
1283 3844 1337 3899 AB

219 3927 302 3981 mam
323 3927 348 3981 Τ
362 3927 442 3982 babet
458 3929 505 3983 aed
522 3944 542 3983 e.
555 3929 573 3984 t.
584 3946 619 3984 m.
631 3945 690 3998 reo,·
708 3929 743 3996 ef.
756 3930 863 3984 Halmii
873 3928 939 3985 odra.
1041 3931 1074 3986 16
1091 3933 1224 4000 praestare
1242 3932 1270 3986 A

222 4011 255 4066 18
277 4013 448 4068 seruitutem
470 4029 538 4084 quae
560 4030 594 4070 ero
615 4016 785 4085 sanotitnteq:
803 4018 830 4071 A
848 4032 916 4073 oorr.
931 4020 1002 4073 Μ
1102 4016 1137 4070 20
1156 4017 1221 4086 plna
1243 4020 1337 4072 omaro

221 4099 297 4167 Β(Τ)
381 4101 413 4155 21
431 4101 494 4171 quia
512 4105 543 4168 (a.
561 4117 578 4155 a
594 4117 645 4157 aar.
657 4100 675 4156 d
686 4119 720 4156 m.
731 4106 760 4169 2)
777 4101 827 4157 hoo
843 4104 871 4158 A
889 4094 892 4100 ’
956 4104 989 4159 23
1006 4103 1074 4158 tales
1091 4116 1124 4158 ea
1141 4103 1206 4157 talis
1225 4097 1252 4157 A
1269 4096 1336 4160 corr.

219 4201 253 4240 na
271 4189 291 4241 2
391 4186 426 4241 26
443 4187 586 4242 seeundum
600 4193 698 4257 pauet.
717 4189 801 4243 ndum
818 4195 844 4245 et
861 4205 883 4244 e.
899 4205 950 4245 eor.
967 4207 1003 4245 m.
1020 4194 1039 4247 2
1055 4191 1087 4244 tu
1105 4190 1133 4244 A
