3076 4764
260 274 303 339 90
747 269 901 325 Saluisni

260 461 361 545 portio
383 462 427 526 ita
448 459 621 538 existimet,
652 478 730 542 quae
758 477 884 542 peccare
906 477 939 525 se
964 461 1074 525 nouit?
1112 479 1186 526 num
1208 461 1244 525 ut
1266 459 1304 524 de
1326 459 1387 524 alio

259 564 421 630 hominum
442 582 554 647 genere
575 580 637 627 non
659 560 772 640 dicam,
796 561 1027 629 consideremus
1049 562 1133 629 soles
1155 561 1388 647 negotiatorum

260 671 292 733 et
313 667 461 751 Syrorum
494 665 635 731 omnium
668 667 791 740 turbas,
826 683 903 749 quoe
926 666 1077 731 maiorem
1099 666 1198 732 ferme
1221 665 1389 732 ciuitatum

258 770 478 836 uniuersorum
507 772 630 853 partem
660 770 904 850 occupauerunt,
934 768 961 834 si
984 769 1071 835 aliud
1094 770 1143 834 est
1164 769 1234 835 uita
1255 770 1388 835 istorum

259 874 398 938 omnium
421 891 515 955 quam
537 870 702 937 meditatio
725 870 789 936 doli
812 875 845 937 et
867 871 982 937 tritura
1003 872 1175 952 mendacii,
1202 873 1258 938 aut
1279 872 1307 939 si
1328 889 1388 938 non
1410 889 1425 932 s

258 979 360 1061 perire
376 977 544 1042 admodum
559 975 655 1040 ncrha
670 977 850 1054 aestimant,
873 994 952 1059 qnae
968 976 1015 1040 nil
1029 974 1231 1059 loquentibus
1246 977 1387 1060 prosunt.

257 1081 367 1147 tentus
397 1079 479 1163 apud
509 1078 565 1144 hos
588 1079 637 1145 dei
659 1079 758 1144 honor
787 1083 835 1144 est
864 1079 1056 1162 prohibentis
1082 1079 1317 1159 iusiurandum,
1352 1081 1389 1146 ut

208 1177 451 1266 70singularem
484 1183 653 1248 aestiment
688 1181 827 1246 fructum
860 1198 950 1247 omne
986 1181 1168 1264 periurium.
1207 1181 1283 1265 quid
1317 1199 1389 1264 orgo

258 1287 375 1351 mirum
399 1283 544 1350 barbaros
566 1286 684 1366 fallere,
714 1287 768 1368 qui
790 1284 940 1350 falsitatis
964 1285 1083 1349 crimen
1104 1283 1274 1368 ignorent?
1308 1283 1388 1349 nihil

259 1389 345 1454 enim
373 1388 556 1470 contemptu
585 1389 685 1470 agunt
713 1388 895 1452 caelestium
917 1389 1164 1468 praeceptorum,
1188 1389 1389 1472 praeceptum
1398 1408 1424 1448 ιο

259 1489 378 1557 domini
406 1489 587 1571 nescientes,
617 1491 691 1573 quia
721 1509 782 1555 non
811 1488 890 1555 facit
912 1489 1031 1571 aliquid
1053 1494 1162 1555 contra
1182 1493 1293 1575 legem·
1308 1491 1387 1577 legis

258 1593 397 1678 ignarus.
434 1594 542 1658 noster
571 1610 644 1676 ergo
673 1592 726 1658 hic
757 1592 958 1675 peculiariter
987 1592 1093 1659 reatus
1115 1597 1174 1674 est,
1209 1595 1263 1677 qni
1284 1595 1387 1678 legem
1495 1651 1497 1654 ,

258 1695 401 1761 diuinam
422 1695 557 1789 legimns
579 1697 612 1759 et
633 1696 748 1778 legalia
762 1713 887 1778 semper
901 1694 1020 1779 scripte
1034 1695 1201 1773 uiolamus,
1224 1696 1278 1780 qui
1293 1697 1388 1764 deum

260 1816 350 1864 nosse
380 1817 435 1864 nos
465 1798 599 1863 dicimus
623 1801 654 1863 et
676 1797 762 1863 iussa
790 1797 877 1870 illiue
900 1816 936 1863 ao
956 1801 1124 1881 praccepta
1146 1798 1317 1878 calcamus;
1351 1817 1388 1864 ao

259 1914 314 1984 per
347 1901 404 1966 hoo
438 1919 509 1966 cum
543 1920 615 1967 oum
649 1919 839 1983 spernamus,
873 1921 966 1984 quem
997 1902 1057 1967 coli
1080 1919 1099 1966 a
1120 1903 1208 1969 nohis
1230 1902 1422 1969 oredimusu

259 2004 353 2087 atque
375 2002 538 2083 iactamus,
560 2005 594 2070 id
615 2007 729 2089 ipsum,
754 2004 836 2086 quod
852 2005 957 2069 cultus
973 2006 1022 2070 dei
1037 2004 1172 2082 uidetur,
1195 2004 1313 2070 iniuria
1328 2008 1385 2071 est.

207 2106 247 2171 ‘11
301 2107 370 2172 XV.
404 2107 554 2192 Denique,
588 2113 624 2174 ut
647 2110 685 2174 de
714 2109 849 2192 peccatis
880 2107 952 2174 aliis
980 2108 1061 2173 nihil
1092 2106 1205 2187 dicam,
1227 2107 1309 2190 ,quis
1340 2111 1387 2173 est

259 2213 383 2277 omnino
406 2211 568 2276 hominum
590 2211 799 2278 saecularium
822 2213 947 2293 praeter
967 2228 1091 2294 paucos,
1115 2210 1169 2293 qui
1191 2228 1253 2277 non
1269 2211 1309 2276 ud
1331 2211 1388 2277 hoo

257 2332 382 2396 semper
403 2312 520 2380 Christi
541 2333 658 2380 nomen·
678 2300 712 2379 in
735 2333 786 2379 ore
809 2314 921 2379 habeat
943 2315 979 2378 ut
1001 2315 1159 2396 perieret?
1186 2313 1268 2379 unde
1291 2313 1388 2379 etiam

256 2419 478 2501 peruulgatnm
513 2419 570 2484 hoo
607 2419 671 2483 fere
705 2421 737 2482 et
770 2419 852 2500 apud
889 2414 1010 2482 nobiles
1044 2420 1075 2481 et
1114 2415 1197 2501 apud
1232 2416 1422 2499 ignobilesro

258 2522 489 2587 sacramentum
504 2523 565 2586 est:
590 2522 652 2605 ‘per
667 2519 828 2586 Christum
844 2521 917 2602 quie
938 2520 997 2586 hoo
1019 2519 1119 2598 lacio’,
1146 2520 1208 2603 por
1226 2517 1388 2584 Christum

259 2624 413 2707 quiahoc
437 2624 514 2707 ago',
550 2625 613 2707 ‘per
635 2622 796 2690 Christum
820 2623 892 2705 quie
914 2622 996 2687 nihil
1026 2624 1110 2688 adud
1134 2623 1274 2688 dicturus
1296 2622 1386 2701 sum',
1413 2708 1415 2712 Ι

260 2726 323 2807 per
346 2723 504 2790 Christum
529 2728 601 2810 quia
623 2726 703 2791 nihil
729 2725 814 2790 aliud
841 2726 968 2791 acturus
998 2727 1089 2791 sum'.
1124 2730 1155 2791 ct
1178 2725 1251 2808 quid
1274 2724 1387 2808 plura?
1412 2770 1416 2779 ·

257 2819 346 2893 inid
368 2829 491 2910 penitus
522 2829 658 2895 deducta
679 2847 728 2894 ros
752 2830 810 2904 est,
841 2830 887 2909 ut,
918 2829 1000 2893 sicut
1023 2829 1061 2892 de
1084 2829 1219 2914 paganis
1245 2828 1386 2895 barbaris

257 2928 345 3012 prius
368 2930 518 3009 diximus,
541 2929 659 2996 Ohristi
681 2950 794 2996 nomen
816 2949 878 2995 non
901 2932 1047 2996 uideatur
1070 2933 1135 2997 iam
1157 2934 1423 2998 sacramentumss

310 3168 324 3220 1
344 3166 479 3222 existimet
491 3168 567 3225 edd„-
585 3170 694 3238 estimat
711 3169 739 3223 A
765 3170 874 3224 estimet
892 3172 918 3222 Β
1004 3170 1020 3222 2
1038 3169 1179 3224 hominurn
1191 3185 1227 3224 aa
1236 3170 1347 3224 homine
1359 3169 1387 3223 A

257 3267 327 3308 corr.
342 3269 378 3310 m.
389 3255 410 3307 2
507 3255 524 3308 3
543 3255 668 3323 Syrorum
679 3255 792 3323 scripsi.-
815 3254 964 3323 syricorum
976 3257 1003 3308 A
1027 3255 1166 3310 siricorum
1178 3255 1206 3309 Β
1223 3256 1298 3323 ‘sort
1313 3254 1389 3324 Syri·

256 3341 354 3394 eorum'
362 3341 501 3408 Halmius,
514 3341 561 3396 scd
573 3356 634 3397 eum
646 3342 761 3396 eoadem
770 3342 888 3409 formam
899 3342 930 3396 io
942 3347 1022 3396 texto
1033 3342 1141 3407 tabem,
1153 3357 1300 3411 operarum
1312 3356 1389 3396 mor

255 3426 294 3480 sit
304 3442 411 3483 necesse
422 3433 475 3495 θεὴ·
491 3427 609 3482 ceribus
626 3443 688 3482 aum
698 3428 818 3482 columae
831 3427 999 3496 Syriaoorum
1013 3443 1047 3482 ca
1059 3427 1158 3483 Indice
1170 3428 1228 3482 eius
1239 3426 1298 3481 111
1308 3427 1388 3482 cods-

255 3512 558 3582 qcrimpuieichuhet:
571 3513 830 3582 ‘Syrioilsyriocilp’
898 3513 1067 3568 maiorumB
1134 3513 1203 3568 dull
1215 3512 1388 3583 loquentibus

256 3613 293 3653 ca
303 3597 498 3667 illoquentibns
509 3600 538 3653 A
549 3614 618 3654 corr.
631 3617 667 3654 m.
679 3603 711 3654 2:
738 3597 809 3652 nihil
821 3597 993 3667 loquentibus
1006 3599 1033 3652 Β
1136 3599 1152 3653 7
1164 3598 1333 3669 prohibentis
1345 3599 1389 3655 ed.

252 3698 299 3752 pr.
325 3683 401 3750 (troo
422 3682 582 3753 prohibens»
604 3690 631 3740 et
647 3685 680 3739 dn
696 3699 748 3753 mg.
773 3700 804 3737 ns
831 3683 1042 3753 Broceiocuush
1077 3684 1223 3754 prohibens
1250 3685 1333 3740 etiam
1360 3686 1389 3741 A

254 3768 401 3840 prohibens
418 3770 448 3824 Β
549 3772 566 3827 8
584 3771 712 3826 estiment
728 3772 757 3825 Β
854 3786 932 3825 omne
949 3787 985 3826 aa
1003 3771 1078 3826 omni
1095 3773 1123 3824 A
1141 3786 1210 3827 corr.
1230 3789 1263 3826 m.
1277 3775 1311 3826 2:
1330 3787 1388 3827 om·

254 3855 333 3909 nium
350 3855 378 3909 Β
481 3857 562 3927 liqui
581 3862 658 3928 (cote
675 3857 817 3923 falsitatis)
836 3873 872 3912 aa
889 3857 956 3926 qnid
974 3859 1002 3913 A
1020 3872 1091 3914 corr.
1110 3863 1173 3914 nei
1274 3858 1307 3912 10
1326 3876 1387 3915 con·

255 3942 376 4009 temptes
402 3940 431 3994 Β
533 3943 713 4012 praeceptum]
733 3945 877 4012 praecepto
899 3943 927 3997 B
1030 3944 1064 3998 14
1084 3947 1225 4014 praecepta
1249 3933 1387 4000 solusmus

256 4025 387 4082 calcemus
411 4025 439 4079 Β
542 4028 574 4082 15
596 4044 656 4082 cum
676 4044 726 4085 om.
750 4028 778 4081 B
881 4029 915 4082 19
936 4028 1046 4098 perierit
1063 4029 1120 4083 ced.
1137 4046 1152 4083 r
1170 4029 1215 4085 dcl
1233 4036 1259 4085 et
1277 4031 1301 4084 it
1318 4037 1386 4086 mut.
1440 4075 1443 4084 .

255 4114 288 4169 in
304 4113 332 4167 et
349 4111 377 4165 A
402 4113 502 4180 peieret
520 4129 554 4168 ec
570 4114 641 4184 pelen
659 4115 687 4169 Β
704 4130 774 4170 corr.
792 4113 828 4180 cf.
846 4113 885 4168 cd
901 4118 1054 4178 §68et76
1144 4115 1178 4170 20
1195 4116 1386 4186 peruulgatum

255 4200 297 4254 Ar
314 4214 360 4269 per
370 4197 476 4251 uultum
485 4197 514 4251 Β
599 4199 633 4254 22
644 4199 714 4255 nihil
726 4199 802 4254 uliud
814 4199 934 4254 dicturus
945 4201 974 4254 Β
986 4216 1056 4256 corr.
1070 4217 1102 4256 aa
1114 4201 1185 4256 nihil
1197 4201 1317 4256 dicturus
