3076 4764
229 278 271 344 58
712 271 870 327 Saluiani

223 485 260 532 ac
291 463 493 548 municipalis
521 462 635 529 indicis
669 463 806 528 domum.
851 461 1004 544 siquidem
1031 460 1115 525 intra
1148 460 1259 526 ianuas
1292 479 1354 526 non

222 571 313 636 mode
335 567 516 634 inlustrium
537 567 732 652 potestatum
755 566 809 630 sed
832 564 928 629 etiam
949 563 1126 646 praesidum
1148 565 1203 628 aut
1224 581 1352 645 praepo·

226 673 359 738 sitorum
381 690 444 737 non
465 688 571 735 omnes
593 668 713 753 passim
735 667 855 732 intrare
878 670 1093 749 praesumunt,
1116 667 1177 731 nisi
1200 685 1275 749 quos
1297 668 1355 732 aut

222 777 314 841 iudex
334 775 456 840 uocarit
484 777 540 839 aut
569 771 731 856 negotium
759 773 890 836 traxerit
919 774 973 834 aut
1000 771 1068 853 ipsa
1090 769 1215 834 honoris
1238 771 1353 854 proprii

223 877 362 963 dignitas
391 877 519 942 introire
547 875 744 958 permiserit,
777 874 901 952 itaut,
936 877 963 939 si
991 873 1147 956 quispiam
1182 872 1279 938 fuerit
1304 874 1387 938 ιιι-ι

223 981 358 1046 solenter
385 981 561 1064 ingressus,
597 981 651 1043 aut
681 978 830 1042 caedatur
860 979 915 1041 aut
943 975 1134 1061 propellatur
1167 976 1222 1041 aut
1249 976 1353 1058 aliqua

170 1084 210 1149 47
222 1081 429 1148 uerecundiae
445 1086 538 1164 atque
554 1080 793 1146 existimationis
816 1097 889 1145 suae
905 1080 975 1143 labe
991 1079 1152 1143 multetur.
1180 1080 1212 1143 in
1235 1080 1354 1161 templa

223 1188 326 1250 autem
349 1185 400 1248 uel
422 1183 527 1266 potius
549 1184 582 1247 in
606 1183 719 1248 altaria
734 1186 828 1264 atque
843 1182 876 1246 in
895 1181 1032 1246 sacraria
1048 1181 1098 1245 dei
1113 1181 1230 1264 passim
1246 1199 1353 1247 omnes

223 1289 337 1353 sordidi
360 1305 396 1352 ao
424 1285 571 1370 flagitiosi
594 1287 662 1351 siue
685 1287 750 1351 ulla
778 1287 904 1369 penitus
926 1286 1104 1350 reuerentia
1126 1287 1206 1350 sacri
1228 1285 1352 1351 honoris

221 1391 417 1472 inrumpunt,
441 1408 502 1455 non
526 1390 681 1472 quianon
704 1407 811 1454 omnes
835 1392 872 1454 ad
896 1388 1085 1453 exorandum
1108 1391 1201 1453 deum
1228 1407 1352 1453 currere
1361 1410 1387 1451 ro

224 1495 373 1577 debeant,
404 1495 458 1558 sed
489 1493 563 1576 quia
590 1493 643 1575 qui
672 1493 847 1576 ingreditur
876 1492 915 1556 ad
937 1492 1146 1573 placandum,
1176 1510 1239 1557 non
1261 1493 1353 1558 debet

223 1597 327 1682 egredi
349 1598 390 1662 ad
419 1597 679 1663 exacerbandum:
710 1615 808 1679 neque
838 1596 923 1660 enim
954 1595 1091 1659 eiusdem
1113 1595 1207 1661 officii
1232 1599 1281 1661 est
1301 1597 1350 1661 in·

169 1700 416 1783 48dulgentiam
438 1718 564 1781 poscere
588 1703 620 1763 et
643 1699 838 1765 iracundiam
860 1716 1038 1780 prouocare.
1061 1716 1178 1764 nouum
1194 1700 1346 1782 siquidem

220 1806 352 1869 monstri
375 1822 471 1887 genus
495 1804 557 1869 est:
588 1803 695 1867 eadem
721 1821 819 1885 paene
843 1821 949 1867 omnes
971 1803 1087 1885 iugiter
1109 1803 1242 1878 faciunt,
1272 1820 1349 1884 quae

221 1907 330 1972 iecisse
352 1925 384 1971 se
405 1906 575 1989 plangunt,
604 1910 636 1970 et
658 1907 712 1988 qui
734 1906 853 1971 intrant
880 1905 1122 1970 eeclesiasticam
1144 1908 1285 1981 domum,
1314 1907 1385 1970 utu

221 2008 306 2076 mala
335 2011 463 2092 antiqua
491 2010 643 2088 defleant,
667 2042 700 2075 a*
724 2013 845 2074 exeunt.
884 2007 1012 2091 etquid
1034 2008 1118 2088 dieo,
1148 2012 1281 2073 exeunt?
1316 2009 1350 2072 in

222 2111 300 2196 ipsis
322 2131 420 2195 paene
442 2112 501 2176 hoc
525 2112 717 2178 orationibus
734 2115 798 2178 suis
815 2131 851 2177 ae
867 2111 1145 2196 supplicationibus
1166 2112 1349 2176 moliuntur.

154 2206 167 2235 ²
220 2215 307 2281 aliud
330 2215 443 2298 quippe
467 2233 519 2280 ora
548 2216 711 2280 hominum
734 2216 820 2281 aliud
844 2219 936 2281 corda
958 2217 1073 2299 agunt,
1098 2218 1130 2280 et
1151 2215 1227 2280 dum
1248 2217 1350 2281 uerbis

220 2319 390 2400 praeterita
418 2319 503 2384 mala
531 2321 703 2409 plangunt,
739 2338 832 2384 seusu
862 2320 969 2385 futura
997 2320 1205 2398 meditantur,
1239 2337 1274 2383 ae
1303 2318 1349 2384 sie

221 2421 319 2487 oratio
342 2440 449 2486 eorum
473 2422 593 2487 auctrix
617 2427 665 2489 est
689 2424 790 2506 magis
814 2424 978 2487 criminum
1001 2443 1095 2504 quam
1118 2423 1279 2486 exoratrix.
1312 2425 1383 2488 utro

220 2544 293 2590 uere
314 2525 373 2589 illa
387 2524 421 2589 in
439 2529 482 2592 eis
499 2527 671 2608 scripturae
686 2526 865 2592 maledictio
881 2526 1084 2608 compleatur,
1108 2531 1143 2589 ut
1158 2524 1196 2587 de
1211 2523 1349 2588 oratione

168 2634 211 2700 49
219 2628 289 2711 ipsa
312 2631 420 2692 exeant
436 2629 632 2692 condemnati
656 2633 686 2693 et
710 2628 807 2693 oratio
831 2646 937 2692 eorum
960 2628 1016 2692 fiat
1039 2629 1072 2692 in
1093 2630 1265 2709 peecatum.
1293 2625 1347 2691 de-

221 2728 314 2810 nique
330 2728 357 2790 si
373 2728 444 2792 uult
461 2730 615 2810 quispiam
631 2732 719 2805 scire,
743 2732 817 2812 quid
833 2731 865 2793 in
881 2731 999 2810 templo
1014 2729 1192 2794 huiusmodi
1207 2731 1347 2797 homines

220 2832 402 2914 eogitarint,
432 2833 537 2896 uideat
565 2835 638 2914 quid
660 2840 814 2914 sequatur.
861 2834 1015 2914 siquidem
1038 2834 1260 2898 consummetis
1283 2837 1347 2900 sol-

219 2933 375 2998 lemnibus
399 2933 507 2997 statim
531 2938 569 3000 ad
594 2935 866 3001 consuetudinaria
890 2954 995 3001 omnes
1023 2937 1129 3001 studia
1158 2937 1381 3017 discurruntss

219 3035 275 3101 alii
297 3035 421 3101 scilicet
436 3039 472 3101 ut
494 3037 637 3103 iurentur
659 3039 713 3104 alii
736 3042 773 3103 ut
801 3040 995 3105 inebrientur
1017 3040 1074 3104 alii
1096 3042 1132 3105 ut
1154 3040 1347 3107 iomicentur

321 3190 353 3245 21
377 3190 449 3245 Paal.
468 3191 527 3257 108,
546 3192 562 3245 7

267 3327 453 3396 apraesioum
466 3344 499 3383 ccc
512 3328 675 3396 praesidium
692 3330 904 3387 Aceraiercc.
993 3333 1053 3400 aut]
1072 3348 1102 3386 ac
1119 3332 1147 3386 B
1239 3334 1346 3390 luera

217 3413 313 3468 cundia
330 3415 358 3468 B
446 3413 479 3468 12
497 3415 706 3470 exacerbandum
725 3433 758 3470 ecc
776 3417 982 3472 exercebandum
999 3419 1110 3472 Acorr.
1124 3422 1188 3472 m.1
1274 3420 1345 3473 enim

217 3515 267 3553 ora.
291 3501 319 3554 B
422 3501 455 3556 15
482 3500 556 3556 iutra
579 3502 631 3557 cdo.
654 3505 686 3554 nt
706 3519 742 3557 m.
760 3519 812 3557 ree.
831 3502 894 3556 edet.
911 3503 939 3556 A
1043 3505 1076 3558 16
1103 3509 1167 3557 cate
1191 3509 1287 3558 exeunt
1305 3506 1346 3559 la·

217 3599 316 3639 cweem
324 3587 459 3643 iudicauit
468 3588 613 3656 Betucius,
622 3594 688 3656 post
697 3591 794 3642 exeunt
802 3589 942 3656 Halmius,
955 3590 1003 3656 qwa'
1015 3589 1208 3658 ‘supplendam
1216 3591 1345 3659 addetur',

217 3669 315 3737 inpete,
339 3672 457 3738 ‘exeunt,
476 3676 509 3726 ut
526 3690 595 3727 noua
613 3675 792 3728 committaut’
811 3675 868 3742 (ael
884 3678 1065 3743 perpetranda
1092 3690 1142 3729 uos
1160 3691 1265 3744 qaoque
1282 3683 1347 3732 acte

218 3758 314 3809 exeunt
335 3759 482 3812 detutmus
506 3760 635 3814 laeenam
653 3767 680 3815 ct
697 3768 832 3829 patemus
855 3761 988 3816 eccidisse
1005 3762 1090 3816 certa
1108 3764 1258 3816 exsecuturi
1276 3779 1345 3818 noua

218 3840 323 3895 collatis
336 3845 482 3910 postremis
498 3847 581 3900 meus
598 3847 697 3915 cepitis
714 3849 821 3916 certts;
839 3848 891 3910 cfr.
909 3864 980 3916 quac
998 3848 1200 3916 despetactmos
1217 3850 1250 3902 e'a
1262 3850 1344 3904 Sita.-

218 3926 283 3983 Bcr.
299 3932 360 3995 μθ
457 3930 492 3984 20
509 3933 613 3986 auctrix
632 3949 667 3986 aa
684 3935 774 3987 autrix
789 3935 817 3987 A
834 3950 904 3988 cerr.
922 3952 956 3988 m.
976 3938 1007 3989 2:
1034 3935 1080 3988 aut
1099 3934 1141 4002 (ut
1159 3936 1239 4002 corr.)
1259 3935 1301 3988 rix
1317 3934 1345 3988 B

219 4013 277 4078 (aut
287 4013 345 4067 rixa
364 4015 404 4071 Tt
429 4043 456 4069 a·
467 4017 527 4072 rixa
543 4021 571 4088 e)
660 4019 693 4073 21
713 4020 861 4088 scripturae
880 4037 914 4075 erc
931 4021 1066 4088 scriptura
1081 4020 1110 4073 A
1127 4036 1198 4077 corr.
1211 4023 1277 4075 Μ

218 4097 265 4237 221)
278 4100 465 4239 corElempnati
492 4106 520 4158 A
623 4104 658 4159 24
679 4105 827 4173 cogitarint
846 4107 888 4160 B:
918 4107 1069 4176 cogitarent
1089 4108 1117 4160 A
1221 4106 1345 4175 sollemp-

218 4199 247 4236 ιιι
266 4200 297 4238 us
