3076 4764
523 270 561 324 ad
580 270 755 324 ecclesiam
779 269 823 324 III
842 273 858 334 ξ
875 269 969 322 3-10.
1247 269 1308 334 211

182 463 263 545 quod
295 461 427 527 diuitem
455 459 584 543 reliquit
613 459 765 523 heredem.
801 459 856 522 sed
885 461 950 522 esto
980 458 1097 540 ignosci
1127 458 1310 540 parentibus
1343 460 1362 524 'l

182 566 290 648 possit,
325 564 352 629 11
376 583 411 628 ex
433 569 521 648 parte
554 564 663 646 aliqua
694 562 900 627 hereditarias
930 562 1096 627 facultates
1125 561 1199 627 filiis
1224 562 1311 626 dere·

183 670 336 753 linquant,
360 671 388 733 si
409 669 514 733 tamen
536 668 569 731 id
592 668 694 749 ipsum
717 665 805 730 bouis
820 665 848 729 si
870 669 977 730 temen
995 665 1126 729 sanctis:
1152 667 1217 728 esto
1234 684 1311 747 qno-

183 791 242 855 que
275 771 395 856 ignosci
428 771 535 855 possit,
573 770 601 833 si
630 770 726 833 etiam
755 768 847 834 malis
876 768 1025 849 quiddam
1054 771 1147 851 atque
1178 768 1311 833 uitiosis.

160 876 295 940 shabere
317 875 456 958 aliquam
480 871 687 938 excusationis
710 871 844 954 speciem
869 871 1011 936 uidentur
1031 871 1188 935 dicentes:
1210 871 1312 953 pietas

182 979 268 1042 uicit.
283 978 332 1043 uis
356 977 514 1060 sanguinis
538 976 678 1057 conpulit
700 979 813 1040 natura
834 975 903 1057 ipsa
918 975 1007 1055 quasi
1023 974 1138 1039 amoris
1160 993 1256 1039 manu
1278 974 1311 1040 in

182 1083 229 1146 ius
252 1101 342 1146 suum
366 1080 471 1146 traxit.
506 1080 656 1145 sciuimus
680 1079 754 1161 quid
772 1078 895 1143 iustitia
909 1079 958 1143 dei
975 1082 1115 1161 posceret
1131 1080 1205 1160 qnid
1222 1095 1312 1143 sacra

182 1185 298 1248 ueritas
314 1184 497 1265 postularet,
520 1183 573 1248 sed
589 1182 721 1258 subacti,
745 1182 890 1258 fatemur,
915 1199 1022 1245 sumus
1040 1180 1114 1264 iugo
1130 1181 1311 1245 incarnatae

182 1287 420 1352 necessitudinis
450 1290 481 1351 et
511 1286 653 1350 dedimus
683 1284 822 1368 captiuas
852 1304 962 1349 manus
993 1284 1129 1349 uinculis
1152 1285 1310 1360 caritatis;

149 1417 174 1455 10
183 1390 276 1454 cessit
309 1391 452 1475 sanguini
486 1390 562 1454 fides
591 1389 623 1452 et
645 1390 789 1454 uicerunt
822 1388 1022 1452 deuotionem
1055 1387 1215 1469 religionis
1245 1391 1312 1452 iura

183 1493 321 1575 pietatis.
352 1493 414 1556 dici
431 1492 548 1575 aliquid
568 1491 680 1574 potest,
705 1493 832 1556 tametsi
847 1490 1017 1556 salubriter
1033 1490 1095 1555 dici
1111 1509 1172 1554 non
1188 1490 1309 1573 potest:
1343 1496 1363 1561 8

183 1601 231 1660 ost
264 1599 375 1660 umbra
411 1595 682 1660 excusatiunculae
718 1612 779 1657 non
812 1611 968 1670 excusans,
1006 1594 1083 1658 dans
1119 1612 1169 1658 reo
1204 1593 1315 1677 depre-

184 1699 381 1763 catiunculae
403 1699 536 1782 speciem
560 1716 621 1762 non
644 1701 749 1762 reatus
772 1695 977 1762 securitatem.
1008 1716 1203 1779 nequaquam
1227 1696 1312 1763 enim

183 1803 214 1865 id
236 1802 295 1865 ulli
318 1804 462 1885 spondeo,
486 1803 567 1884 quod
590 1801 688 1882 possit
711 1800 877 1864 cuiuslibet
894 1801 939 1866 rei
955 1801 1081 1864 firmum
1096 1800 1210 1865 habere
1233 1800 1309 1865 snb·

149 1930 174 1971 1s
184 1905 299 1970 sidium
322 1905 375 1987 qui
398 1905 517 1988 aliquid
540 1905 609 1987 plns
626 1903 780 1969 amauerit
796 1922 889 1986 qnam
906 1904 1009 1979 deum,
1032 1904 1205 1968 secundum
1220 1904 1310 1977 illud,

184 2011 265 2090 qnod
288 2009 439 2091 scripturn
464 2010 521 2084 est,
544 2009 577 2070 in
596 2009 653 2073 hoo
667 2007 808 2071 futurum
825 2026 889 2071 esse
904 2007 1068 2086 iudicium,
1093 2007 1174 2088 qnod
1189 2009 1312 2073 uenerit

183 2112 237 2175 lnx
263 2112 296 2173 in
326 2112 409 2175 huno
437 2111 588 2174 mundum
617 2115 648 2173 et
676 2110 841 2175 dilexerint
868 2109 1008 2173 homines
1040 2113 1140 2192 magis
1169 2111 1311 2177 tenebras

184 2233 276 2294 qnam
310 2214 420 2277 lucem.
460 2212 576 2276 nemini
611 2214 692 2276 enim
728 2214 856 2277 dubium
889 2214 937 2276 est
970 2213 1074 2275 totum
1104 2215 1134 2277 id
1168 2214 1311 2277 tenebras
1385 2267 1387 2271 ,

184 2317 325 2380 futurum
354 2314 482 2391 homini,
517 2315 665 2398 quidquid
695 2315 819 2379 diuinae
848 2315 1033 2398 praetulerit
1063 2316 1197 2380 caritati.
1236 2317 1312 2381 haec

148 2437 256 2502 aoergo
285 2418 330 2482 ita
359 2421 441 2483 sunt.
479 2417 534 2481 sed
563 2422 639 2496 esto,
668 2417 705 2480 ut
727 2417 799 2501 dixi,
829 2418 985 2499 indulgeri
1008 2419 1189 2500 parentibus
1212 2421 1311 2501 possit
1344 2424 1364 2489 9

184 2528 313 2587 naturae
337 2521 539 2586 insalubriter
562 2519 809 2603 indulgentibus.
849 2522 922 2602 quid
954 2521 1034 2604 quod
1057 2521 1208 2603 nonnulli,
1233 2522 1312 2587 filios

183 2645 244 2690 non
273 2626 437 2701 habentes,
470 2643 488 2687 1
516 2624 659 2707 respectu
689 2643 721 2688 se
749 2626 855 2689 tamen
882 2625 993 2689 salutis
1021 2642 1094 2688 suae
1122 2624 1154 2688 et
1176 2626 1312 2690 remedio

183 2732 380 2811 peccatorum
413 2728 539 2810 penitus
574 2726 731 2819 auertunt,
767 2745 802 2790 ac
830 2725 906 2790 11111
934 2726 1051 2792 semine
1080 2727 1240 2810 sanguinis
1262 2727 1312 2792 sui

184 2834 319 2910 careant,
345 2831 499 2913 quaerunt
514 2833 621 2895 temen
637 2849 845 2912 quoscumque
862 2830 949 2914 alios,
974 2829 1085 2917 quibus
1101 2832 1313 2916 substantiam
1331 2904 1334 2909 ,

150 2935 326 3017 inpropriae
350 2935 511 3000 facultatis
535 2935 692 3015 addicant,
723 2935 756 2999 id
779 2935 835 3013 est,
861 2935 972 3017 quibus
996 2933 1165 2998 umbratile
1187 2933 1312 3017 aliquod

184 3039 425 3121 propinquitatis
459 3057 570 3103 nomen
606 3038 789 3117 inscribant,
824 3057 899 3120 qnos
934 3039 992 3102 sibi
1028 3038 1117 3121 quasi
1147 3038 1310 3129 adoptiuos

184 3142 364 3222 imaginarii
387 3144 531 3225 parentes
554 3141 636 3206 filios
659 3140 789 3218 faciant,
812 3145 847 3205 nt
866 3142 899 3205 in
915 3141 1019 3208 loonm
1035 3160 1140 3207 eorum
1157 3160 1235 3225 quae
1252 3159 1312 3205 non

184 3248 257 3308 sunt
280 3245 447 3328 pignorum
469 3246 597 3327 perfidia
620 3249 788 3330 generante
810 3245 984 3311 succedant.
1016 3246 1118 3309 11111
1142 3235 1314 3309 miserrimi
1325 3247 1365 3312 10

184 3349 298 3430 quique
321 3352 352 3413 et
375 3348 555 3432 inpiissimi,
580 3367 651 3412 oum
670 3348 803 3413 uinculis
819 3349 957 3413 filiorum
973 3366 1033 3412 non
1048 3348 1310 3429 constringantur,

148 3451 244 3533 seipsi
278 3454 382 3518 tamen
419 3452 480 3517 sibi
513 3452 639 3516 uincula
670 3452 791 3535 parant,
826 3452 938 3532 quibus
969 3450 1107 3516 infelicia
1139 3453 1312 3516 animarum

184 3574 310 3619 suarum
333 3554 414 3620 colla
430 3557 661 3639 constringant:
685 3574 756 3620 cum
771 3556 820 3618 uis
840 3555 1079 3620 domesticorum
1097 3554 1312 3618 discriminum

286 3720 319 3772 16
341 3718 397 3774 Ioh.
416 3719 440 3782 3,
460 3719 492 3772 19

236 3867 250 3920 1
279 3866 394 3934 reliquid
421 3866 448 3918 B
552 3866 585 3919 10
611 3865 676 3919 fides
703 3882 737 3918 eor
763 3865 824 3919 fidis
852 3881 920 3920 corr.
947 3869 1020 3918 m.2
1046 3865 1073 3918 A
1091 3871 1118 3920 et
1135 3866 1162 3918 B
1183 3867 1241 3933 (sict

184 3954 216 4008 15
234 3953 290 4022 qni]
310 3954 333 4005 11
351 3953 391 4005 ed.
410 3951 547 4006 Batonius
641 3952 672 4005 16
690 3952 818 4006 iudicium
839 3967 895 4005 esse
912 3952 938 4005 B
1032 3953 1063 4005 17
1082 3952 1198 4005 hominis
1216 3952 1243 4006 A

182 4039 216 4091 116
240 4053 291 4105 quo
313 4038 471 4111 suspicatur
492 4037 639 4091 Hartetice
742 4037 774 4090 27
798 4038 841 4106 ut]
866 4038 1027 4092 Horteltns:
1054 4041 1082 4091 et
1100 4039 1310 4104 annotatos,-

182 4125 240 4190 ipse
262 4125 417 4191 suspicatae
442 4140 516 4176 enom
539 4124 586 4190 qui
649 4191 651 4195 y
689 4123 724 4176 36
746 4123 857 4176 infilioia
880 4129 905 4177 et
927 4125 1020 4178 statim
1043 4124 1227 4178 infelicissime
1251 4125 1311 4193 (sic)

182 4214 208 4262 ct
225 4210 378 4263 infilicitate
397 4211 422 4262 A
