3076 4764
615 261 784 330 epistolae
805 261 874 316 1111.
893 260 925 315 V.
1269 264 1334 328 213

207 470 377 517 carnem:
411 451 508 516 haec
538 452 640 515 enim
670 451 842 516 inuicem
870 450 949 515 sibi
977 451 1256 529 aduersantur,
1290 454 1333 516 ut

207 574 282 620 non
305 572 400 636 quae
422 555 571 631 uultis,
595 554 667 619 illa
689 553 867 619 faciatis.
900 571 978 644 crgo
1001 556 1027 618 si
1050 559 1241 636 repugnante
1265 554 1363 619 cor-4

207 675 279 741 pore
307 675 385 739 quae
414 656 559 722 uolumus
588 656 688 720 facere
711 674 772 720 non
795 674 968 738 possumus,
1000 655 1219 721 infirmandum
1243 674 1333 720 earne

207 763 263 839 est,
287 764 323 824 ut
346 760 454 841 optata
477 758 639 823 faciamus.
671 762 702 823 et
724 778 832 823 uerum
856 763 913 824 est
946 759 1135 823 inbecillitas
1158 759 1240 822 enim
1264 777 1332 823 car-

187 864 257 928 enis
280 864 395 927 mentis
420 864 558 944 uigorem
575 861 707 940 exacuit,
732 866 763 926 et
779 860 910 926 adfectis
927 860 1057 925 artubus
1074 861 1156 925 uires
1172 879 1332 944 corporum

207 969 240 1032 in
263 966 397 1030 uirtutes
425 964 657 1030 transferuntur
681 967 864 1045 animorum,
899 968 933 1029 nt
955 964 1033 1028 mibi
1055 983 1155 1047 genus
1178 964 1332 1046 quoddam

208 1068 351 1134 sanitatis
381 1087 446 1132 esse
478 1068 622 1132 uideatur
657 1068 814 1131 bominem
842 1067 1001 1132 interdum
1028 1085 1090 1131 non
1118 1085 1186 1132 esse
1214 1086 1332 1132 sanum.

209 1172 298 1236 nulla
320 1172 404 1235 enim
427 1173 592 1235 admodum
617 1170 686 1234 tum
708 1170 833 1251 spiritui
857 1189 926 1234 curn
951 1188 1086 1252 corpore,
1109 1169 1142 1234 id
1165 1173 1222 1248 est,
1247 1170 1334 1235 nulla

209 1273 335 1338 diuinae
362 1272 459 1336 indoli
488 1291 558 1335 oum
587 1273 710 1336 terreno
738 1273 826 1336 hoste
856 1272 986 1337 luctatio
1009 1275 1066 1336 est.
1104 1291 1167 1337 non
1189 1274 1332 1356 turpibus

174 1401 200 1440 ιο
209 1376 344 1441 flammis
366 1374 522 1439 medullae
546 1376 699 1451 aestuant,
724 1393 785 1438 non
808 1375 1016 1440 malesanam
1041 1379 1179 1440 mentem
1201 1376 1334 1441 latentia

208 1479 368 1543 incentiua
389 1479 588 1554 succendunt,
612 1496 673 1541 non
697 1478 770 1561 uagi
793 1497 900 1542 sensus
924 1480 1085 1560 porcaria
1107 1478 1334 1544 oblectamenta

208 1582 389 1662 lasciuient,
412 1581 465 1645 sed
488 1582 554 1646 sela
576 1582 696 1646 exultat
717 1583 832 1659 anima,
856 1582 939 1645 laeta
961 1599 1086 1662 corpore
1108 1581 1219 1647 affecto
1243 1582 1332 1664 quasi

210 1685 387 1749 aduersario
416 1685 589 1766 subiugato.
627 1684 726 1767 gaude
761 1702 848 1767 ergo,
885 1685 1012 1748 alumna
1041 1682 1175 1762 Christi3
1210 1681 1364 1767 semperb

208 1788 334 1869 quidem
363 1788 513 1870 simplicis
542 1791 573 1850 et
602 1786 722 1867 quietae
750 1788 804 1851 sed
833 1805 915 1851 nunc
938 1787 1038 1868 magis
1062 1786 1238 1852 defaecatae
1262 1790 1333 1852 tuae

174 1889 325 1953 ramentis
348 1891 379 1953 et
402 1890 517 1954 liberae
539 1889 654 1953 ostium
677 1891 816 1970 aperiet
839 1889 978 1966 adtrahe,
1008 1895 1044 1954 ut
1067 1890 1157 1972 legia,
1186 1890 1333 1972 spiritum

209 1996 362 2056 sanetum.
402 2009 582 2072 numquam,
606 1995 641 2056 ut
663 1997 747 2073 puto,
773 1993 946 2058 habitatore
966 1995 1020 2057 deo
1045 1993 1166 2077 dignior
1189 1993 1332 2070 extitisti,

210 2099 325 2177 quanto
359 2095 535 2159 inbecillior
570 2113 704 2177 corpore,
738 2101 826 2161 tanto
857 2098 961 2178 purior
992 2115 1093 2160 sensu.
1137 2096 1333 2159 uincentibus

210 2216 333 2262 carnem
356 2201 444 2262 tuam
468 2198 584 2262 morbis
607 2199 711 2262 mente
733 2200 848 2271 uicisti,
873 2199 956 2273 felin,
979 2200 1005 2262 si
1029 2198 1110 2262 banc
1125 2216 1248 2280 semper
1270 2216 1333 2262 cor·

209 2301 291 2382 poris
320 2303 453 2364 mortem
483 2303 514 2364 in
542 2300 644 2363 uitam
673 2300 802 2383 spiritus
831 2304 1030 2365 conseruaris.
1070 2301 1213 2364 extinctis
1239 2299 1273 2366 in
1303 2301 1364 2366 ted

175 2402 342 2468 aforsitan
371 2402 489 2467 eunctis
518 2403 726 2467 humanarum
755 2404 996 2485 temptationum
1024 2403 1191 2468 incentiuis
1220 2403 1334 2468 habere

209 2506 434 2588 quodammodo
457 2508 601 2570 naturam
624 2506 858 2570 animaeetiam
878 2507 1017 2570 incarne
1034 2506 1174 2586 coepisti,
1197 2509 1232 2569 ut
1255 2505 1334 2570 mihi

210 2627 270 2673 non
294 2609 395 2674 solum
418 2626 533 2690 magna
556 2608 606 2673 dei
629 2607 869 2690 dispensatione,
894 2609 1061 2673 sedetiam
1078 2627 1191 2692 magno
1206 2628 1335 2674 munere

211 2714 243 2776 et
271 2715 343 2776 ante
373 2716 551 2794 aegrotasse
579 2713 611 2774 ct
643 2728 726 2775 nunc
755 2713 948 2777 conualuisse
982 2712 1126 2776 uidearis.
1164 2711 1335 2794 aegrotasti

211 2814 294 2878 enim
324 2815 472 2879 hactenus
496 2815 533 2878 ad
559 2815 709 2879 uirtutem
738 2815 867 2896 spiritus
898 2813 1158 2894 confirmandam,
1190 2832 1334 2880 securam

175 2914 313 2981 saforsan
335 2917 503 2980 sanitatem
526 2936 607 2982 nuno
630 2917 801 2999 adipiscens
823 2918 888 2982 iam
904 2935 996 2982 carne
1012 2919 1166 2999 superata,
1189 2921 1226 2982 ut
1248 2921 1335 3000 post·

211 3018 268 3083 hac
289 3019 443 3082 redditam
467 3020 587 3102 corpori
609 3020 860 3086 incolumitatem
883 3023 950 3085 sine
972 3021 1036 3086 ulla
1058 3021 1178 3085 animae
1202 3019 1335 3085 infirmi-

211 3125 277 3199 tate
306 3121 475 3207 possideas,
503 3125 535 3186 et
558 3123 604 3187 ita
626 3141 697 3187 caro
726 3122 832 3187 ualere
854 3122 993 3204 incipiat,
1022 3123 1058 3187 ut
1080 3123 1145 3187 iam
1167 3124 1335 3205 temptatio

211 3244 273 3288 non
296 3229 449 3306 resurgat.
484 3225 566 3289 uale.

314 3378 345 3432 15
369 3378 440 3432 Psal.
461 3379 510 3432 118

261 3501 277 3552 3
300 3514 376 3551 carne
400 3497 431 3551 ia
455 3514 508 3552 rao.
538 3498 561 3554 0
661 3499 677 3553 5
701 3497 823 3568 uigorem
845 3498 943 3552 mentis
966 3503 1033 3565 (occa
1050 3498 1148 3551 mentis
1166 3487 1285 3565 uigorem
1303 3501 1336 3551 aot

209 3600 271 3637 cum
288 3581 348 3636 edd.
366 3583 506 3646 Halmius)
535 3584 557 3638 Ο
658 3583 771 3637 adfectis
788 3583 835 3637 aad
852 3598 873 3637 e.
891 3583 909 3636 d
926 3599 969 3637 ecr
996 3583 1093 3636 fm.1
1116 3583 1139 3638 0
1238 3581 1335 3635 dani-

209 3685 311 3722 marnm
340 3668 373 3721 de
397 3670 460 3737 pub.
488 3668 533 3722 ded
555 3670 637 3736 116,
665 3670 714 3723 abi
739 3670 782 3723 bic
813 3671 888 3724 loeas
918 3670 1051 3737 repetitos
1078 3675 1133 3734 cst,·
1160 3667 1269 3735 (ibidem
1291 3667 1334 3721 af-

209 3755 287 3808 fectis
306 3760 331 3807 εἰ
346 3755 432 3821 paolo
446 3761 510 3821 post
528 3754 632 3809 adfecto
650 3772 710 3809 cam
727 3757 755 3808 A
773 3756 889 3821 retinui)
995 3755 1028 3808 14
1050 3753 1183 3807 defecatae
1205 3756 1251 3806 tue
1276 3751 1334 3821 (aad

208 3843 255 3893 tue
272 3842 304 3894 ia
321 3842 433 3904 ras.)0
531 3841 562 3894 15
581 3841 680 3895 liberae
693 3845 746 3908 (-re
764 3857 832 3898 corr.
852 3858 885 3895 m.
898 3846 924 3902 1)
943 3842 1093 3897 ostuurnO
1193 3841 1225 3894 16
1243 3840 1333 3893 existi-

209 3926 311 3982 tistiO
404 3928 438 3979 20
456 3926 580 3982 forsitam
603 3927 626 3990 0
717 3928 749 3982 21
768 3927 908 3982 naturaO
1002 3927 1036 3980 24
1053 3942 1172 3982 securam
1188 3927 1333 3981 Halmius:

210 4012 342 4067 securaO
434 4012 467 4064 25
485 4011 584 4064 lorsam
605 4012 627 4067 0
719 4016 781 4082 post
798 4013 846 4066 hac
863 4011 912 4066 aed
927 4028 948 4066 e.
966 4013 1015 4066 hac
1033 4012 1097 4066 add.
1115 4011 1141 4066 N
1158 4017 1221 4069 ml
1246 4013 1267 4080 O

210 4099 244 4151 26
267 4099 480 4154 incolomitatem
503 4100 525 4154 Ο
626 4100 661 4154 28
683 4099 751 4152 nale.
778 4097 840 4152 finit
861 4098 895 4164 05
921 4099 1093 4167 sequitertia
1116 4099 1230 4168 Capiet.
1249 4098 1334 4159 oemio

209 4201 243 4238 ac
261 4191 320 4238 tom
337 4186 443 4239 deorum
459 4191 545 4251 aecta,
564 4186 609 4240 cui
622 4184 782 4253 praefixam
800 4189 850 4238 est:
877 4185 943 4239 item
960 4185 1015 4240 alia
