3076 4764
240 280 303 346 242
726 275 884 329 Saluiani

240 466 380 531 animum
404 465 549 530 offerendi
571 464 665 541 dedit,
690 468 722 528 et
743 463 814 547 plus
830 463 891 529 sibi
912 462 944 526 in
966 463 1015 527 his
1037 481 1117 544 quae
1141 463 1197 526 deo
1219 461 1370 542 relinquit

240 571 393 651 praestari
415 570 568 646 aestimet,
592 585 684 650 quam
705 568 740 632 in
762 566 828 631 illis
846 583 925 649 quae
944 567 1035 649 'prins
1058 565 1184 632 habuit:
1208 565 1370 647 quiahoc,

241 673 322 753 quod
350 673 482 738 habetur
503 671 542 737 ab
572 671 707 752 homine,
737 669 965 750 temporarium
993 672 1050 746 est,
1080 668 1162 750 quod
1185 669 1293 733 autem
1315 668 1371 734 deo

188 773 443 858 burchaonem,
477 775 713 856 sempiternum.
754 774 873 854 totum,
908 771 1011 853 inquit
1045 771 1173 853 aliquis,
1209 772 1370 837 oblaturus

240 880 311 942 est?
349 881 382 943 at
414 896 471 962 ego
503 877 572 942 dico
600 894 666 941 esse
694 877 753 942 hcc
783 878 886 942 totum
908 894 1027 958 parum.
1066 875 1141 956 quid
1165 873 1271 938 enim?
1307 877 1407 940 iamt

239 981 298 1045 soit
321 980 435 1062 aliquis
458 999 498 1045 an
519 984 721 1062 peccatorum
744 998 925 1044 mensuram
943 979 1048 1043 oblata
1071 980 1284 1058 conpensant?
1306 979 1372 1042 iam

241 1081 304 1148 scit
325 1083 440 1165 aliquis
462 1102 502 1148 an
524 1085 651 1148 tantum
675 1083 719 1148 sit
743 1082 777 1146 in
801 1082 902 1147 officio
926 1082 1122 1163 placationis,
1148 1082 1300 1162 quantum
1323 1083 1372 1145 est

214 1251 216 1254 .
240 1188 274 1251 in
297 1185 466 1251 offensione
489 1187 703 1252 discriminis?
726 1187 755 1252 si
776 1187 866 1251 nouit
888 1188 1053 1268 quisquam
1076 1185 1248 1250 hominum
1263 1203 1371 1266 pecca-

242 1293 346 1354 torum
383 1291 492 1371 quanti
528 1292 681 1356 redimere
718 1289 835 1354 delicta
871 1289 979 1372 possit,
1017 1291 1127 1353 utatur
1162 1287 1294 1353 scientia
1332 1289 1371 1352 ad

241 1394 498 1476 redemptionem.
529 1393 556 1458 si
578 1412 653 1457 uero
676 1393 785 1471 nescit,
807 1411 862 1457 cur
877 1411 938 1457 non
954 1393 1081 1455 tantum
1095 1390 1205 1454 offerat
1220 1395 1408 1473 quantumm

242 1497 368 1577 potest?
391 1497 438 1575 ut,
463 1497 491 1561 si
514 1515 698 1580 conpensare
713 1498 841 1581 peccata
855 1516 918 1562 non
934 1496 1019 1560 ualet
1035 1495 1130 1575 pretii
1145 1495 1371 1576 magnitudine,

242 1601 350 1664 saltim
386 1600 501 1664 mentis
537 1600 701 1665 deuotione
739 1602 916 1682 conpenset.
965 1597 1141 1680 perlectum
1160 1638 1162 1643 -
1178 1600 1261 1662 enim
1298 1617 1373 1663 eou-

242 1703 392 1766 scientiae
414 1702 553 1768 fruotum
576 1704 700 1768 exhibet
722 1705 776 1785 qui
798 1707 882 1769 intra
898 1700 1121 1766 conscientiam
1143 1701 1194 1767 nil¹
1212 1700 1371 1782 relinquit.

191 1804 322 1869 bidura
350 1805 494 1870 nonnulli
522 1806 601 1871 haec
628 1807 745 1889 absque
773 1807 868 1872 dubio
891 1807 924 1870 et
956 1806 1172 1869 inmensurata
1194 1804 1369 1881 causantur,

243 1907 377 1972 maxime
399 1907 474 1989 quia
494 1910 645 1991 propheta
667 1911 704 1989 is,
728 1914 765 1976 de
788 1928 848 1991 quo
866 1909 1008 1986 diximus,
1032 1906 1242 1989 Babylonium
1263 1923 1370 1987 regem
1380 1930 1409 1970 15

189 2075 190 2078 ,
244 2009 302 2074 hoc
323 2011 448 2075 tantum
480 2012 676 2078 admonuisse
704 2013 861 2091 uideatur,
895 2013 932 2077 ut
954 2011 1056 2075 multa
1078 1999 1217 2083 donaret,
1251 2026 1312 2073 non
1334 2013 1372 2077 ut

244 2112 391 2199 uniuersa
412 2113 608 2177 distraheret.
638 2133 697 2179 non
720 2114 841 2197 profero
864 2113 993 2178 interim
1014 2113 1194 2177 testimonia
1215 2113 1372 2196 euangelii

244 2233 302 2278 nec
325 2214 466 2299 confugio
489 2217 528 2280 ad
552 2235 661 2282 uocem
691 2218 847 2300 loquentis
869 2218 934 2281 dei:
964 2235 1024 2281 non
1056 2217 1123 2280 dico
1156 2214 1242 2279 aliud
1267 2219 1372 2280 uetere

211 2365 229 2411 4
242 2316 330 2382 aliud
352 2336 433 2382 noua
454 2319 523 2402 lege
546 2322 756 2403 praeceptum.
786 2321 869 2385 unde
892 2320 990 2390 etiam
1012 2319 1172 2411 apostolos
1195 2318 1372 2402 ecce‚3in·

244 2406 327 2501 quit,
361 2423 498 2486 uetera
532 2415 802 2507 transierunt,
836 2407 944 2488 facta
976 2426 1068 2487 sunt
1100 2421 1229 2497 omnia
1258 2438 1411 2510 nonesto

243 2510 371 2588 omnia
404 2527 537 2589 autem
571 2545 614 2591 er
647 2530 732 2593 deo:
767 2527 879 2609 quibus
907 2526 1016 2608 utique
1045 2526 1142 2614 docet,
1177 2541 1238 2594 non
1266 2525 1374 2588 uetera

243 2626 416 2710 secundum
448 2627 587 2692 litteram
616 2633 668 2711 sed
696 2648 777 2695 noua
809 2631 981 2695 secundum
1011 2630 1103 2693 deum
1133 2647 1198 2692 esse
1221 2625 1373 2710 facienda.

191 2724 301 2793 58hoc
323 2729 388 2794 solo
410 2730 539 2794 interim
562 2733 728 2798 contentus
750 2751 831 2813 sum,
863 2736 943 2814 quod
971 2731 1123 2814 propheta
1145 2729 1233 2794 dixit.
1272 2747 1373 2802 sermo

245 2831 329 2916 enim
352 2833 380 2896 ei
403 2851 473 2897 cum
496 2851 569 2916 rege
592 2837 658 2899 erat
681 2837 713 2900 et
736 2834 860 2918 quidem
885 2854 956 2900 curn
979 2853 1052 2916 rege
1076 2853 1137 2898 non
1160 2833 1253 2897 unius
1276 2833 1373 2912 urbia,

244 2937 306 3013 sed,
340 2939 377 3000 ut
399 2938 474 3025 tuno
495 2935 669 3013 uidebatur,
704 2938 801 3004 totius
832 2939 925 3017 orbis,
960 2939 1014 3021 qui
1036 2941 1145 3028 utique
1168 2955 1229 3001 non
1252 2941 1411 3018 poteratne

245 3038 372 3119 populos
394 3033 621 3130 quosgregebat
642 3059 697 3123 per
719 3041 943 3106 testamentum
966 3042 1070 3129 egenis
1088 3040 1208 3117 tradere
1224 3041 1257 3102 et
1271 3041 1374 3112 natio-

348 3210 606 3308 muman

295 3431 310 3483 1
334 3429 470 3499 relinquid
486 3435 554 3484 m.1
579 3430 607 3484 Β
709 3431 726 3484 2
749 3431 904 3498 praestaria.
931 3431 1039 3484 estimet
1063 3431 1111 3484 sed
1135 3431 1184 3483 ito:
1201 3436 1267 3483 aba
1284 3431 1324 3483 lb.
1343 3432 1375 3484 ia

242 3533 299 3570 roe.
317 3533 376 3571 aaa
400 3518 509 3570 mammo
532 3518 680 3571 anaaaerit
697 3518 724 3571 A
757 3517 903 3585 praestaria
920 3518 1029 3584 estimet
1053 3516 1080 3569 Β
1182 3516 1322 3584 linquid
1345 3521 1377 3570 ot

244 3601 328 3670 paolo
345 3607 411 3656 onte
430 3602 457 3655 Β
559 3603 629 3656 bat
647 3619 682 3656 ec
699 3603 734 3656 ad
752 3617 822 3658 corr.
839 3606 909 3656 na2
933 3602 988 3655 AB
1092 3602 1229 3670 9quanti
1246 3601 1378 3655 Halmius

245 3687 367 3753 conferri
389 3688 488 3742 dotans
504 3693 529 3751 ἕ.
548 3690 596 3742 59:
622 3689 679 3756 ipse
703 3688 772 3741 sciat
794 3689 889 3756 quanti
911 3688 1033 3742 debuerit
1056 3688 1183 3741 redimere
1208 3702 1273 3756 qnae
1296 3687 1376 3742 fecit:

245 3775 376 3840 qnantum
393 3773 421 3826 A
445 3775 546 3841 quanto
557 3789 591 3828 ece
602 3777 733 3842 quantum
745 3790 817 3830 corr.
830 3792 864 3829 m.
877 3778 895 3829 2
909 3774 937 3827 B
960 3775 1063 3843 quanta
1075 3773 1289 3833 Rittersbosa'cer
1308 3774 1376 3839 fort.

245 3857 324 3914 aeret.
343 3857 522 3927 inquantum
626 3859 660 3914 10
682 3862 721 3915 eie
739 3865 850 3929 (praem.
869 3863 893 3925 o)
911 3875 1080 3930 compensare
1098 3860 1126 3913 Β
1228 3861 1261 3913 11
1279 3862 1377 3928 praetii

245 3945 273 3996 A
377 3946 410 3999 12
433 3946 529 3999 saltem
553 3961 594 4004 ex,
608 3947 700 4001 saltim
723 3962 793 4003 corr.
816 3949 890 4001 Μ
913 3948 941 4001 A
990 3990 992 3995 .
1045 3946 1076 3999 17
1104 3945 1256 4014 aenmgelii
1276 3951 1378 4013 mmet.

242 4031 338 4095 prore
354 4033 415 4098 aA
471 4031 536 4084 na
553 4031 784 4095 aliut—aliutA
880 4032 912 4084 19
930 4030 1027 4100 inquid
1043 4031 1072 4086 Β
1166 4030 1199 4084 21
1218 4033 1308 4084 antem
1326 4046 1378 4086 cm.

245 4116 273 4168 A
291 4122 318 4171 et
335 4132 356 4171 a.
374 4117 391 4170 l.
409 4116 475 4171 odd.
494 4133 529 4175 m.
547 4120 569 4171 2
590 4125 637 4172 ent
652 4121 719 4185 (noc
737 4119 826 4172 antem
845 4123 878 4172 ot
896 4133 929 4174 ea
947 4117 1014 4172 adn.
1032 4116 1141 4171 Halmii
1158 4116 1307 4185 collepcria)

245 4200 280 4254 25
298 4202 321 4254 dr
338 4205 402 4256 tunc
416 4208 514 4269 peace
534 4203 558 4256 d
576 4209 601 4256 et
618 4218 639 4256 a.
656 4217 707 4257 scr.
726 4206 798 4256 Μ
823 4208 853 4256 nt
872 4204 899 4257 A
1359 4224 1362 4230 ·
