<?xml version="1.0" encoding="UTF-8"?>
<!DOCTYPE html PUBLIC "-//W3C//DTD XHTML 1.0 Transitional//EN"
    "http://www.w3.org/TR/xhtml1/DTD/xhtml1-transitional.dtd">
<html xmlns="http://www.w3.org/1999/xhtml" xml:lang="en" lang="en">
 <head>
  <title>
</title>
<meta http-equiv="Content-Type" content="text/html;charset=utf-8" />
  <meta name='ocr-system' content='tesseract 3.04.00' />
  <meta name='ocr-capabilities' content='ocr_page ocr_carea ocr_par ocr_line ocrx_word'/>
</head>
<body>
  <div class='ocr_page' id='page_1' title='image "./salvianipresbyt00salvgoog_0312.png"; bbox 0 0 3076 4764; ppageno 0'>
   <div class='ocr_carea' id='block_1_1' title="bbox 542 267 1340 340">
    <p class='ocr_par' dir='ltr' id='par_1_1' title="bbox 542 267 1340 340">
     <span class='ocr_line' id='line_1_1' title="bbox 542 267 1340 340; baseline 0.014 -19"><span class='ocrx_word' id='word_1_1' title='bbox 542 267 581 322; x_wconf 84' lang='lat' dir='ltr'>ad</span> <span class='ocrx_word' id='word_1_2' title='bbox 599 269 777 326; x_wconf 78' lang='lat' dir='ltr'>ecelesiam</span> <span class='ocrx_word' id='word_1_3' title='bbox 801 268 846 322; x_wconf 90' lang='lat'>111</span> <span class='ocrx_word' id='word_1_4' title='bbox 865 272 880 333; x_wconf 66' lang='grc' dir='ltr'><strong>ἓ</strong></span> <span class='ocrx_word' id='word_1_5' title='bbox 897 267 1008 324; x_wconf 82' lang='grc'>57-61.</span> <span class='ocrx_word' id='word_1_6' title='bbox 1275 273 1340 340; x_wconf 81' lang='grc'>289</span> 
     </span>
    </p>
   </div>
   <div class='ocr_carea' id='block_1_2' title="bbox 188 457 1339 1161">
    <p class='ocr_par' dir='ltr' id='par_1_2' title="bbox 188 457 1339 1161">
     <span class='ocr_line' id='line_1_2' title="bbox 210 457 1339 544; baseline -0.003 -15"><span class='ocrx_word' id='word_1_7' title='bbox 210 480 291 544; x_wconf 86' lang='lat' dir='ltr'>mur,</span> <span class='ocrx_word' id='word_1_8' title='bbox 314 462 414 527; x_wconf 88' lang='lat' dir='ltr'>morte</span> <span class='ocrx_word' id='word_1_9' title='bbox 436 459 704 543; x_wconf 78' lang='lat' dir='ltr'>adpropinquante</span> <span class='ocrx_word' id='word_1_10' title='bbox 725 457 807 526; x_wconf 85' lang='lat' dir='ltr'>filios</span> <span class='ocrx_word' id='word_1_11' title='bbox 828 477 891 524; x_wconf 92' lang='lat' dir='ltr'>non</span> <span class='ocrx_word' id='word_1_12' title='bbox 908 459 1035 536; x_wconf 90' lang='lat' dir='ltr'>habent,</span> <span class='ocrx_word' id='word_1_13' title='bbox 1059 461 1214 541; x_wconf 88' lang='lat' dir='ltr'>quaerunt</span> <span class='ocrx_word' id='word_1_14' title='bbox 1229 461 1339 526; x_wconf 88' lang='lat' dir='ltr'>infide-</span> 
     </span>
     <span class='ocr_line' id='line_1_3' title="bbox 211 562 1339 646; baseline -0.001 -18"><span class='ocrx_word' id='word_1_15' title='bbox 211 564 333 630; x_wconf 88' lang='lat' dir='ltr'>lissime</span> <span class='ocrx_word' id='word_1_16' title='bbox 361 581 437 646; x_wconf 90' lang='lat' dir='ltr'>quos</span> <span class='ocrx_word' id='word_1_17' title='bbox 466 563 522 629; x_wconf 90' lang='lat' dir='ltr'>aut</span> <span class='ocrx_word' id='word_1_18' title='bbox 549 564 737 646; x_wconf 88' lang='lat' dir='ltr'>propinquos</span> <span class='ocrx_word' id='word_1_19' title='bbox 760 567 815 630; x_wconf 89' lang='lat' dir='ltr'>aut</span> <span class='ocrx_word' id='word_1_20' title='bbox 837 562 956 629; x_wconf 88' lang='lat' dir='ltr'>adfines</span> <span class='ocrx_word' id='word_1_21' title='bbox 979 579 1051 627; x_wconf 89' lang='lat' dir='ltr'>suos</span> <span class='ocrx_word' id='word_1_22' title='bbox 1075 563 1192 642; x_wconf 84' lang='lat' dir='ltr'>disant,</span> <span class='ocrx_word' id='word_1_23' title='bbox 1221 565 1286 642; x_wconf 87' lang='lat' dir='ltr'>aut,</span> <span class='ocrx_word' id='word_1_24' title='bbox 1309 564 1339 627; x_wconf 88' lang='lat' dir='ltr'>si</span> 
     </span>
     <span class='ocr_line' id='line_1_4' title="bbox 211 665 1339 749; baseline -0.001 -18"><span class='ocrx_word' id='word_1_25' title='bbox 211 668 244 745; x_wconf 89' lang='lat' dir='ltr'>id</span> <span class='ocrx_word' id='word_1_26' title='bbox 268 667 349 733; x_wconf 88' lang='lat' dir='ltr'>forte</span> <span class='ocrx_word' id='word_1_27' title='bbox 371 668 466 744; x_wconf 82' lang='lat' dir='ltr'>deest,</span> <span class='ocrx_word' id='word_1_28' title='bbox 491 667 647 749; x_wconf 86' lang='lat' dir='ltr'>quaerunt</span> <span class='ocrx_word' id='word_1_29' title='bbox 661 666 769 733; x_wconf 87' lang='lat' dir='ltr'>saltim</span> <span class='ocrx_word' id='word_1_30' title='bbox 784 667 889 748; x_wconf 88' lang='lat' dir='ltr'>aliqua</span> <span class='ocrx_word' id='word_1_31' title='bbox 903 683 1055 732; x_wconf 88' lang='lat' dir='ltr'>nouarum</span> <span class='ocrx_word' id='word_1_32' title='bbox 1070 665 1339 732; x_wconf 87' lang='lat' dir='ltr'>neoeseitudinum</span> 
     </span>
     <span class='ocr_line' id='line_1_5' title="bbox 211 768 1338 852; baseline -0.003 -15"><span class='ocrx_word' id='word_1_33' title='bbox 211 771 284 837; x_wconf 88' lang='lat' dir='ltr'>fieta</span> <span class='ocrx_word' id='word_1_34' title='bbox 306 769 441 834; x_wconf 88' lang='lat' dir='ltr'>nomina.</span> <span class='ocrx_word' id='word_1_35' title='bbox 480 786 537 833; x_wconf 89' lang='lat' dir='ltr'>neo</span> <span class='ocrx_word' id='word_1_36' title='bbox 563 768 704 848; x_wconf 88' lang='lat' dir='ltr'>interest,</span> <span class='ocrx_word' id='word_1_37' title='bbox 731 772 768 835; x_wconf 90' lang='lat' dir='ltr'>ut</span> <span class='ocrx_word' id='word_1_38' title='bbox 792 768 865 852; x_wconf 84' lang='lat' dir='ltr'>dixi,</span> <span class='ocrx_word' id='word_1_39' title='bbox 894 771 975 852; x_wconf 86' lang='lat' dir='ltr'>apud</span> <span class='ocrx_word' id='word_1_40' title='bbox 999 787 1050 834; x_wconf 88' lang='lat' dir='ltr'>eos</span> <span class='ocrx_word' id='word_1_41' title='bbox 1072 787 1203 851; x_wconf 91' lang='lat' dir='ltr'>quorum</span> <span class='ocrx_word' id='word_1_42' title='bbox 1226 772 1338 835; x_wconf 92' lang='lat' dir='ltr'>memi-</span> 
     </span>
     <span class='ocr_line' id='line_1_6' title="bbox 188 870 1338 955; baseline -0.001 -15"><span class='ocrx_word' id='word_1_43' title='bbox 188 873 325 954; x_wconf 88' lang='lat' dir='ltr'>snerint,</span> <span class='ocrx_word' id='word_1_44' title='bbox 353 874 519 938; x_wconf 91' lang='lat' dir='ltr'>dummodo</span> <span class='ocrx_word' id='word_1_45' title='bbox 541 870 590 937; x_wconf 86' lang='lat' dir='ltr'>sui</span> <span class='ocrx_word' id='word_1_46' title='bbox 613 870 858 938; x_wconf 83' lang='lat' dir='ltr'>obliuisaeutur:</span> <span class='ocrx_word' id='word_1_47' title='bbox 888 889 949 936; x_wconf 92' lang='lat' dir='ltr'>uon</span> <span class='ocrx_word' id='word_1_48' title='bbox 978 872 1110 938; x_wconf 90' lang='lat' dir='ltr'>interest</span> <span class='ocrx_word' id='word_1_49' title='bbox 1134 891 1210 955; x_wconf 90' lang='lat' dir='ltr'>quos</span> <span class='ocrx_word' id='word_1_50' title='bbox 1233 893 1338 939; x_wconf 90' lang='lat' dir='ltr'>amare</span> 
     </span>
     <span class='ocr_line' id='line_1_7' title="bbox 211 974 1338 1060; baseline 0.003 -20"><span class='ocrx_word' id='word_1_51' title='bbox 211 994 245 1040; x_wconf 89' lang='lat' dir='ltr'>se</span> <span class='ocrx_word' id='word_1_52' title='bbox 271 975 386 1055; x_wconf 81' lang='lat' dir='ltr'>dieunt,</span> <span class='ocrx_word' id='word_1_53' title='bbox 417 975 583 1039; x_wconf 92' lang='lat' dir='ltr'>dummodo</span> <span class='ocrx_word' id='word_1_54' title='bbox 611 974 730 1040; x_wconf 88' lang='lat' dir='ltr'>animas</span> <span class='ocrx_word' id='word_1_55' title='bbox 758 993 830 1040; x_wconf 85' lang='lat' dir='ltr'>sues</span> <span class='ocrx_word' id='word_1_56' title='bbox 858 974 991 1051; x_wconf 83' lang='lat' dir='ltr'>oderint,</span> <span class='ocrx_word' id='word_1_57' title='bbox 1019 993 1078 1040; x_wconf 91' lang='lat' dir='ltr'>neo</span> <span class='ocrx_word' id='word_1_58' title='bbox 1106 977 1241 1041; x_wconf 89' lang='lat' dir='ltr'>interest</span> <span class='ocrx_word' id='word_1_59' title='bbox 1262 996 1338 1060; x_wconf 88' lang='lat' dir='ltr'>quos</span> 
     </span>
     <span class='ocr_line' id='line_1_8' title="bbox 211 1078 1338 1161; baseline 0.001 -15"><span class='ocrx_word' id='word_1_60' title='bbox 211 1080 325 1146; x_wconf 87' lang='lat' dir='ltr'>diuites</span> <span class='ocrx_word' id='word_1_61' title='bbox 353 1078 480 1161; x_wconf 82' lang='lat' dir='ltr'>faciant,</span> <span class='ocrx_word' id='word_1_62' title='bbox 509 1078 677 1145; x_wconf 91' lang='lat' dir='ltr'>dummodo</span> <span class='ocrx_word' id='word_1_63' title='bbox 700 1097 733 1142; x_wconf 89' lang='lat' dir='ltr'>ee</span> <span class='ocrx_word' id='word_1_64' title='bbox 756 1079 884 1146; x_wconf 85' lang='lat' dir='ltr'>aeterna</span> <span class='ocrx_word' id='word_1_65' title='bbox 911 1078 1113 1145; x_wconf 77' lang='lat' dir='ltr'>mendicitate</span> <span class='ocrx_word' id='word_1_66' title='bbox 1141 1083 1338 1147; x_wconf 87' lang='lat' dir='ltr'>eonsumant.</span> 
     </span>
    </p>
   </div>
   <div class='ocr_carea' id='block_1_3' title="bbox 176 1197 1391 2421">
    <p class='ocr_par' dir='ltr' id='par_1_3' title="bbox 176 1197 1391 2421">
     <span class='ocr_line' id='line_1_9' title="bbox 253 1197 1391 1282; baseline 0.004 -17"><span class='ocrx_word' id='word_1_67' title='bbox 253 1199 360 1265; x_wconf 86' lang='lat' dir='ltr'><strong>XIIH.</strong></span> <span class='ocrx_word' id='word_1_68' title='bbox 392 1197 417 1262; x_wconf 89' lang='lat'>0</span> <span class='ocrx_word' id='word_1_69' title='bbox 440 1198 608 1264; x_wconf 73' lang='lat' dir='ltr'>infelicitas</span> <span class='ocrx_word' id='word_1_70' title='bbox 631 1216 649 1263; x_wconf 91' lang='lat' dir='ltr'>o</span> <span class='ocrx_word' id='word_1_71' title='bbox 670 1197 807 1264; x_wconf 88' lang='lat' dir='ltr'>insania!</span> <span class='ocrx_word' id='word_1_72' title='bbox 842 1197 917 1280; x_wconf 93' lang='lat' dir='ltr'>quid</span> <span class='ocrx_word' id='word_1_73' title='bbox 939 1200 1074 1278; x_wconf 89' lang='lat' dir='ltr'>tantum,</span> <span class='ocrx_word' id='word_1_74' title='bbox 1097 1218 1220 1282; x_wconf 85' lang='lat' dir='ltr'>quaeso,</span> <span class='ocrx_word' id='word_1_75' title='bbox 1244 1205 1281 1268; x_wconf 91' lang='lat' dir='ltr'>de</span> <span class='ocrx_word' id='word_1_76' title='bbox 1305 1221 1339 1269; x_wconf 88' lang='lat' dir='ltr'>se</span> <span class='ocrx_word' id='word_1_77' title='bbox 1347 1208 1391 1275; x_wconf 87' lang='lat'>59</span> 
     </span>
     <span class='ocr_line' id='line_1_10' title="bbox 210 1301 1339 1390; baseline 0.004 -23"><span class='ocrx_word' id='word_1_78' title='bbox 210 1301 377 1368; x_wconf 81' lang='lat' dir='ltr'>miserrimi</span> <span class='ocrx_word' id='word_1_79' title='bbox 400 1303 540 1367; x_wconf 89' lang='lat' dir='ltr'>omnium</span> <span class='ocrx_word' id='word_1_80' title='bbox 561 1303 643 1367; x_wconf 93' lang='lat' dir='ltr'>male</span> <span class='ocrx_word' id='word_1_81' title='bbox 665 1306 912 1385; x_wconf 90' lang='lat' dir='ltr'>promeruerunt,</span> <span class='ocrx_word' id='word_1_82' title='bbox 934 1306 971 1367; x_wconf 93' lang='lat' dir='ltr'>ut</span> <span class='ocrx_word' id='word_1_83' title='bbox 987 1302 1062 1367; x_wconf 93' lang='lat' dir='ltr'>dum</span> <span class='ocrx_word' id='word_1_84' title='bbox 1077 1305 1210 1369; x_wconf 89' lang='lat' dir='ltr'>aliorum</span> <span class='ocrx_word' id='word_1_85' title='bbox 1225 1308 1339 1390; x_wconf 89' lang='lat' dir='ltr'>uolup-</span> 
     </span>
     <span class='ocr_line' id='line_1_11' title="bbox 176 1405 1339 1489; baseline -0.001 -12"><span class='ocrx_word' id='word_1_86' title='bbox 176 1407 330 1477; x_wconf 86' lang='lat' dir='ltr'>rotatibus</span> <span class='ocrx_word' id='word_1_87' title='bbox 363 1407 515 1482; x_wconf 86' lang='lat' dir='ltr'>seruiunt,</span> <span class='ocrx_word' id='word_1_88' title='bbox 549 1424 582 1471; x_wconf 90' lang='lat' dir='ltr'>se</span> <span class='ocrx_word' id='word_1_89' title='bbox 613 1410 761 1489; x_wconf 90' lang='lat' dir='ltr'>perpetuo</span> <span class='ocrx_word' id='word_1_90' title='bbox 794 1408 1033 1488; x_wconf 88' lang='lat' dir='ltr'>persequantur!</span> <span class='ocrx_word' id='word_1_91' title='bbox 1071 1405 1177 1473; x_wconf 89' lang='lat' dir='ltr'>uideas</span> <span class='ocrx_word' id='word_1_92' title='bbox 1208 1411 1290 1474; x_wconf 91' lang='lat' dir='ltr'>enim</span> <span class='ocrx_word' id='word_1_93' title='bbox 1319 1429 1339 1476; x_wconf 88' lang='lat' dir='ltr'>a</span> 
     </span>
     <span class='ocr_line' id='line_1_12' title="bbox 211 1509 1338 1592; baseline 0.004 -19"><span class='ocrx_word' id='word_1_94' title='bbox 211 1510 396 1591; x_wconf 88' lang='lat' dir='ltr'>quibusdam</span> <span class='ocrx_word' id='word_1_95' title='bbox 419 1509 633 1575; x_wconf 89' lang='lat' dir='ltr'>infelioissima</span> <span class='ocrx_word' id='word_1_96' title='bbox 655 1510 797 1575; x_wconf 89' lang='lat' dir='ltr'>uanitate</span> <span class='ocrx_word' id='word_1_97' title='bbox 820 1509 1006 1592; x_wconf 88' lang='lat' dir='ltr'>inuestigari</span> <span class='ocrx_word' id='word_1_98' title='bbox 1023 1510 1171 1592; x_wconf 90' lang='lat' dir='ltr'>quosdam</span> <span class='ocrx_word' id='word_1_99' title='bbox 1188 1530 1283 1577; x_wconf 86' lang='lat' dir='ltr'>nouos</span> <span class='ocrx_word' id='word_1_100' title='bbox 1302 1532 1338 1578; x_wconf 87' lang='lat' dir='ltr'>ae</span> 
     </span>
     <span class='ocr_line' id='line_1_13' title="bbox 210 1612 1339 1696; baseline 0.003 -18"><span class='ocrx_word' id='word_1_101' title='bbox 210 1614 330 1678; x_wconf 85' lang='lat' dir='ltr'>nobiles</span> <span class='ocrx_word' id='word_1_102' title='bbox 352 1613 549 1696; x_wconf 87' lang='lat' dir='ltr'>propinquos,</span> <span class='ocrx_word' id='word_1_103' title='bbox 578 1613 684 1678; x_wconf 89' lang='lat' dir='ltr'>uideas</span> <span class='ocrx_word' id='word_1_104' title='bbox 712 1612 943 1695; x_wconf 78' lang='lat' dir='ltr'>incognitarum</span> <span class='ocrx_word' id='word_1_105' title='bbox 965 1612 1170 1695; x_wconf 80' lang='lat' dir='ltr'>agnationum</span> <span class='ocrx_word' id='word_1_106' title='bbox 1194 1616 1339 1696; x_wconf 90' lang='lat' dir='ltr'>pudenda</span> 
     </span>
     <span class='ocr_line' id='line_1_14' title="bbox 211 1715 1339 1798; baseline 0.006 -19"><span class='ocrx_word' id='word_1_107' title='bbox 211 1717 338 1782; x_wconf 88' lang='lat' dir='ltr'>nomina</span> <span class='ocrx_word' id='word_1_108' title='bbox 368 1719 399 1782; x_wconf 90' lang='lat' dir='ltr'>et</span> <span class='ocrx_word' id='word_1_109' title='bbox 428 1716 597 1782; x_wconf 78' lang='lat' dir='ltr'>recentium</span> <span class='ocrx_word' id='word_1_110' title='bbox 627 1735 663 1780; x_wconf 88' lang='lat' dir='ltr'>aa</span> <span class='ocrx_word' id='word_1_111' title='bbox 685 1717 937 1798; x_wconf 88' lang='lat' dir='ltr'>praepotentium</span> <span class='ocrx_word' id='word_1_112' title='bbox 969 1715 1171 1783; x_wconf 86' lang='lat' dir='ltr'>adfinitatum</span> <span class='ocrx_word' id='word_1_113' title='bbox 1204 1719 1339 1786; x_wconf 83' lang='lat' dir='ltr'>ridicula</span> 
     </span>
     <span class='ocr_line' id='line_1_15' title="bbox 211 1819 1338 1902; baseline 0.003 -16"><span class='ocrx_word' id='word_1_114' title='bbox 211 1827 395 1900; x_wconf 82' lang='lat' dir='ltr'>commenta,</span> <span class='ocrx_word' id='word_1_115' title='bbox 429 1842 500 1888; x_wconf 88' lang='lat' dir='ltr'>oum</span> <span class='ocrx_word' id='word_1_116' title='bbox 533 1823 619 1887; x_wconf 87' lang='lat' dir='ltr'>dieat</span> <span class='ocrx_word' id='word_1_117' title='bbox 652 1821 782 1902; x_wconf 82' lang='lat' dir='ltr'>quiade</span> <span class='ocrx_word' id='word_1_118' title='bbox 809 1819 913 1902; x_wconf 88' lang='lat' dir='ltr'>aliquo</span> <span class='ocrx_word' id='word_1_119' title='bbox 944 1821 1091 1902; x_wconf 86' lang='lat' dir='ltr'>adoptiuo</span> <span class='ocrx_word' id='word_1_120' title='bbox 1114 1839 1150 1886; x_wconf 87' lang='lat' dir='ltr'>ao</span> <span class='ocrx_word' id='word_1_121' title='bbox 1173 1822 1338 1889; x_wconf 88' lang='lat' dir='ltr'>subitaneo</span> 
     </span>
     <span class='ocr_line' id='line_1_16' title="bbox 176 1923 1336 2008; baseline 0 -16"><span class='ocrx_word' id='word_1_122' title='bbox 176 1925 397 2007; x_wconf 82' lang='lat' dir='ltr'>1apropinquo:</span> <span class='ocrx_word' id='word_1_123' title='bbox 431 1926 523 1990; x_wconf 91' lang='lat' dir='ltr'>illum</span> <span class='ocrx_word' id='word_1_124' title='bbox 550 1925 698 1990; x_wconf 92' lang='lat' dir='ltr'>heredem</span> <span class='ocrx_word' id='word_1_125' title='bbox 720 1923 801 1989; x_wconf 90' lang='lat' dir='ltr'>faoio</span> <span class='ocrx_word' id='word_1_126' title='bbox 824 1927 984 2005; x_wconf 89' lang='lat' dir='ltr'>parentem</span> <span class='ocrx_word' id='word_1_127' title='bbox 1007 1943 1129 1989; x_wconf 89' lang='lat' dir='ltr'>meum:</span> <span class='ocrx_word' id='word_1_128' title='bbox 1163 1928 1218 1989; x_wconf 88' lang='lat' dir='ltr'>aut</span> <span class='ocrx_word' id='word_1_129' title='bbox 1242 1944 1336 2008; x_wconf 90' lang='lat' dir='ltr'>quae·</span> 
     </span>
     <span class='ocr_line' id='line_1_17' title="bbox 211 2026 1339 2110; baseline 0 -17"><span class='ocrx_word' id='word_1_130' title='bbox 211 2047 342 2110; x_wconf 87' lang='lat' dir='ltr'>eumque</span> <span class='ocrx_word' id='word_1_131' title='bbox 364 2029 488 2092; x_wconf 75' lang='lat' dir='ltr'>sanotm</span> <span class='ocrx_word' id='word_1_132' title='bbox 509 2027 708 2109; x_wconf 85' lang='lat' dir='ltr'>professionis</span> <span class='ocrx_word' id='word_1_133' title='bbox 734 2027 831 2091; x_wconf 89' lang='lat' dir='ltr'>uidua</span> <span class='ocrx_word' id='word_1_134' title='bbox 851 2026 903 2090; x_wconf 93' lang='lat' dir='ltr'>uel</span> <span class='ocrx_word' id='word_1_135' title='bbox 925 2028 1049 2109; x_wconf 87' lang='lat' dir='ltr'>puella:</span> <span class='ocrx_word' id='word_1_136' title='bbox 1079 2028 1169 2091; x_wconf 91' lang='lat' dir='ltr'>illum</span> <span class='ocrx_word' id='word_1_137' title='bbox 1192 2028 1339 2095; x_wconf 91' lang='lat' dir='ltr'>heredem</span> 
     </span>
     <span class='ocr_line' id='line_1_18' title="bbox 211 2129 1338 2215; baseline -0.001 -18"><span class='ocrx_word' id='word_1_138' title='bbox 211 2133 312 2198; x_wconf 86' lang='lat' dir='ltr'>soribo</span> <span class='ocrx_word' id='word_1_139' title='bbox 344 2132 521 2215; x_wconf 90' lang='lat' dir='ltr'>proximum</span> <span class='ocrx_word' id='word_1_140' title='bbox 552 2148 668 2194; x_wconf 91' lang='lat' dir='ltr'>meum.</span> <span class='ocrx_word' id='word_1_141' title='bbox 705 2148 741 2195; x_wconf 90' lang='lat' dir='ltr'>ao</span> <span class='ocrx_word' id='word_1_142' title='bbox 770 2129 816 2193; x_wconf 88' lang='lat' dir='ltr'>sio</span> <span class='ocrx_word' id='word_1_143' title='bbox 847 2129 974 2211; x_wconf 90' lang='lat' dir='ltr'>quidam</span> <span class='ocrx_word' id='word_1_144' title='bbox 1006 2147 1092 2210; x_wconf 90' lang='lat' dir='ltr'>quos·</span> <span class='ocrx_word' id='word_1_145' title='bbox 1106 2132 1138 2194; x_wconf 93' lang='lat' dir='ltr'>in</span> <span class='ocrx_word' id='word_1_146' title='bbox 1162 2130 1246 2195; x_wconf 91' lang='lat' dir='ltr'>omni</span> <span class='ocrx_word' id='word_1_147' title='bbox 1268 2133 1338 2196; x_wconf 89' lang='lat' dir='ltr'>uita</span> 
     </span>
     <span class='ocr_line' id='line_1_19' title="bbox 211 2231 1337 2318; baseline -0.001 -18"><span class='ocrx_word' id='word_1_148' title='bbox 211 2236 299 2318; x_wconf 89' lang='lat' dir='ltr'>quasi</span> <span class='ocrx_word' id='word_1_149' title='bbox 327 2236 487 2300; x_wconf 87' lang='lat' dir='ltr'>extraneos</span> <span class='ocrx_word' id='word_1_150' title='bbox 518 2234 695 2315; x_wconf 88' lang='lat' dir='ltr'>alienosque</span> <span class='ocrx_word' id='word_1_151' title='bbox 717 2233 891 2298; x_wconf 87' lang='lat' dir='ltr'>habuerant</span> <span class='ocrx_word' id='word_1_152' title='bbox 913 2231 1016 2298; x_wconf 90' lang='lat' dir='ltr'>subito</span> <span class='ocrx_word' id='word_1_153' title='bbox 1040 2233 1073 2297; x_wconf 91' lang='lat' dir='ltr'>in</span> <span class='ocrx_word' id='word_1_154' title='bbox 1096 2234 1241 2298; x_wconf 84' lang='lat' dir='ltr'>extremis</span> <span class='ocrx_word' id='word_1_155' title='bbox 1264 2254 1337 2317; x_wconf 89' lang='lat' dir='ltr'>pro-</span> 
     </span>
     <span class='ocr_line' id='line_1_20' title="bbox 210 2335 1335 2421; baseline 0 -19"><span class='ocrx_word' id='word_1_156' title='bbox 210 2339 341 2421; x_wconf 89' lang='lat' dir='ltr'>pinquos</span> <span class='ocrx_word' id='word_1_157' title='bbox 369 2338 496 2411; x_wconf 88' lang='lat' dir='ltr'>habent,</span> <span class='ocrx_word' id='word_1_158' title='bbox 527 2356 542 2401; x_wconf 94' lang='lat' dir='ltr'>e</span> <span class='ocrx_word' id='word_1_159' title='bbox 586 2337 639 2419; x_wconf 92' lang='lat' dir='ltr'>qui</span> <span class='ocrx_word' id='word_1_160' title='bbox 662 2336 802 2400; x_wconf 86' lang='lat' dir='ltr'>extranei</span> <span class='ocrx_word' id='word_1_161' title='bbox 823 2353 945 2416; x_wconf 91' lang='lat' dir='ltr'>semper</span> <span class='ocrx_word' id='word_1_162' title='bbox 966 2335 1054 2400; x_wconf 89' lang='lat' dir='ltr'>fuere</span> <span class='ocrx_word' id='word_1_163' title='bbox 1076 2337 1256 2402; x_wconf 87' lang='lat' dir='ltr'>uiuentium</span> <span class='ocrx_word' id='word_1_164' title='bbox 1277 2357 1335 2420; x_wconf 91' lang='lat' dir='ltr'>pa·</span> 
     </span>
    </p>
   </div>
   <div class='ocr_carea' id='block_1_4' title="bbox 174 2437 1389 2729">
    <p class='ocr_par' dir='ltr' id='par_1_4' title="bbox 174 2437 1389 2729">
     <span class='ocr_line' id='line_1_21' title="bbox 174 2437 1389 2524; baseline 0.002 -19"><span class='ocrx_word' id='word_1_165' title='bbox 174 2442 314 2513; x_wconf 81' lang='lat' dir='ltr'>20rentee</span> <span class='ocrx_word' id='word_1_166' title='bbox 343 2460 409 2507; x_wconf 88' lang='lat' dir='ltr'>esse</span> <span class='ocrx_word' id='word_1_167' title='bbox 437 2441 592 2524; x_wconf 90' lang='lat' dir='ltr'>inoipiunt</span> <span class='ocrx_word' id='word_1_168' title='bbox 621 2441 822 2504; x_wconf 86' lang='lat' dir='ltr'>mortuorum.</span> <span class='ocrx_word' id='word_1_169' title='bbox 860 2437 1064 2503; x_wconf 91' lang='lat' dir='ltr'>introduount</span> <span class='ocrx_word' id='word_1_170' title='bbox 1093 2440 1177 2504; x_wconf 92' lang='lat' dir='ltr'>enim</span> <span class='ocrx_word' id='word_1_171' title='bbox 1209 2440 1389 2522; x_wconf 82' lang='lat' dir='ltr'>repente60</span> 
     </span>
     <span class='ocr_line' id='line_1_22' title="bbox 208 2541 1336 2625; baseline 0.001 -17"><span class='ocrx_word' id='word_1_172' title='bbox 208 2545 242 2608; x_wconf 94' lang='lat' dir='ltr'>in</span> <span class='ocrx_word' id='word_1_173' title='bbox 264 2545 492 2611; x_wconf 89' lang='lat' dir='ltr'>testamentum</span> <span class='ocrx_word' id='word_1_174' title='bbox 521 2561 597 2625; x_wconf 90' lang='lat' dir='ltr'>quos</span> <span class='ocrx_word' id='word_1_175' title='bbox 627 2560 797 2624; x_wconf 88' lang='lat' dir='ltr'>numquam</span> <span class='ocrx_word' id='word_1_176' title='bbox 826 2542 1023 2606; x_wconf 81' lang='lat' dir='ltr'>introduxere</span> <span class='ocrx_word' id='word_1_177' title='bbox 1053 2541 1087 2606; x_wconf 92' lang='lat' dir='ltr'>in</span> <span class='ocrx_word' id='word_1_178' title='bbox 1113 2542 1272 2622; x_wconf 82' lang='lat' dir='ltr'>affectum,</span> <span class='ocrx_word' id='word_1_179' title='bbox 1304 2547 1336 2609; x_wconf 89' lang='lat' dir='ltr'>et</span> 
     </span>
     <span class='ocr_line' id='line_1_23' title="bbox 209 2645 1335 2729; baseline 0.003 -18"><span class='ocrx_word' id='word_1_180' title='bbox 209 2647 269 2712; x_wconf 88' lang='lat' dir='ltr'>hoe</span> <span class='ocrx_word' id='word_1_181' title='bbox 291 2651 433 2726; x_wconf 90' lang='lat' dir='ltr'>maxime,</span> <span class='ocrx_word' id='word_1_182' title='bbox 457 2649 492 2712; x_wconf 92' lang='lat' dir='ltr'>ut</span> <span class='ocrx_word' id='word_1_183' title='bbox 514 2647 586 2725; x_wconf 85' lang='lat' dir='ltr'>dixi,</span> <span class='ocrx_word' id='word_1_184' title='bbox 611 2650 666 2713; x_wconf 89' lang='lat' dir='ltr'>aut</span> <span class='ocrx_word' id='word_1_185' title='bbox 687 2646 858 2729; x_wconf 84' lang='lat' dir='ltr'>loeupletee</span> <span class='ocrx_word' id='word_1_186' title='bbox 879 2648 934 2710; x_wconf 93' lang='lat' dir='ltr'>aut</span> <span class='ocrx_word' id='word_1_187' title='bbox 956 2645 1076 2711; x_wconf 87' lang='lat' dir='ltr'>nobiles</span> <span class='ocrx_word' id='word_1_188' title='bbox 1092 2649 1148 2711; x_wconf 86' lang='lat' dir='ltr'>aut</span> <span class='ocrx_word' id='word_1_189' title='bbox 1170 2647 1335 2714; x_wconf 88' lang='lat' dir='ltr'>honoratos</span> 
     </span>
    </p>
   </div>
   <div class='ocr_carea' id='block_1_5' title="bbox 172 2749 1384 3542">
    <p class='ocr_par' dir='ltr' id='par_1_5' title="bbox 172 2749 1384 3542">
     <span class='ocr_line' id='line_1_24' title="bbox 210 2749 1334 2832; baseline 0.002 -17"><span class='ocrx_word' id='word_1_190' title='bbox 210 2753 317 2832; x_wconf 90' lang='lat' dir='ltr'>etqui</span> <span class='ocrx_word' id='word_1_191' title='bbox 347 2751 408 2816; x_wconf 89' lang='lat' dir='ltr'>uisi</span> <span class='ocrx_word' id='word_1_192' title='bbox 440 2752 581 2832; x_wconf 89' lang='lat' dir='ltr'>potentes</span> <span class='ocrx_word' id='word_1_193' title='bbox 616 2753 728 2830; x_wconf 89' lang='lat' dir='ltr'>essent,</span> <span class='ocrx_word' id='word_1_194' title='bbox 762 2753 905 2832; x_wconf 89' lang='lat' dir='ltr'>parentes</span> <span class='ocrx_word' id='word_1_195' title='bbox 938 2749 1070 2814; x_wconf 82' lang='lat' dir='ltr'>forsitan</span> <span class='ocrx_word' id='word_1_196' title='bbox 1103 2768 1160 2814; x_wconf 92' lang='lat' dir='ltr'>non</span> <span class='ocrx_word' id='word_1_197' title='bbox 1189 2751 1334 2818; x_wconf 87' lang='lat' dir='ltr'>fuissent.</span> 
     </span>
     <span class='ocr_line' id='line_1_25' title="bbox 209 2852 1336 2936; baseline 0.001 -17"><span class='ocrx_word' id='word_1_198' title='bbox 209 2853 342 2919; x_wconf 85' lang='lat' dir='ltr'>ridicula</span> <span class='ocrx_word' id='word_1_199' title='bbox 363 2856 468 2919; x_wconf 91' lang='lat' dir='ltr'>miseri</span> <span class='ocrx_word' id='word_1_200' title='bbox 490 2852 647 2919; x_wconf 87' lang='lat' dir='ltr'>testatoris</span> <span class='ocrx_word' id='word_1_201' title='bbox 670 2853 809 2935; x_wconf 87' lang='lat' dir='ltr'>ambitio,</span> <span class='ocrx_word' id='word_1_202' title='bbox 832 2855 909 2919; x_wconf 87' lang='lat' dir='ltr'>dans</span> <span class='ocrx_word' id='word_1_203' title='bbox 932 2871 1058 2918; x_wconf 78' lang='lat' dir='ltr'>aeneum</span> <span class='ocrx_word' id='word_1_204' title='bbox 1072 2854 1213 2936; x_wconf 88' lang='lat' dir='ltr'>propriae</span> <span class='ocrx_word' id='word_1_205' title='bbox 1236 2855 1336 2921; x_wconf 89' lang='lat' dir='ltr'>faoul-</span> 
     </span>
     <span class='ocr_line' id='line_1_26' title="bbox 173 2955 1334 3042; baseline 0.002 -20"><span class='ocrx_word' id='word_1_206' title='bbox 173 2958 285 3029; x_wconf 67' lang='lat' dir='ltr'>natatis</span> <span class='ocrx_word' id='word_1_207' title='bbox 307 2957 348 3022; x_wconf 86' lang='lat' dir='ltr'>ad</span> <span class='ocrx_word' id='word_1_208' title='bbox 370 2958 600 3040; x_wconf 85' lang='lat' dir='ltr'>conparandum</span> <span class='ocrx_word' id='word_1_209' title='bbox 622 2955 820 3021; x_wconf 83' lang='lat' dir='ltr'>mendacium</span> <span class='ocrx_word' id='word_1_210' title='bbox 838 2956 1088 3038; x_wconf 89' lang='lat' dir='ltr'>propinquitatis,</span> <span class='ocrx_word' id='word_1_211' title='bbox 1114 2976 1218 3022; x_wconf 92' lang='lat' dir='ltr'>emens</span> <span class='ocrx_word' id='word_1_212' title='bbox 1233 2960 1334 3042; x_wconf 88' lang='lat' dir='ltr'>pretio</span> 
     </span>
     <span class='ocr_line' id='line_1_27' title="bbox 210 3059 1335 3141; baseline 0.004 -17"><span class='ocrx_word' id='word_1_213' title='bbox 210 3059 392 3126; x_wconf 85' lang='lat' dir='ltr'>hereditatis</span> <span class='ocrx_word' id='word_1_214' title='bbox 421 3079 532 3125; x_wconf 90' lang='lat' dir='ltr'>nomen</span> <span class='ocrx_word' id='word_1_215' title='bbox 560 3059 680 3125; x_wconf 90' lang='lat' dir='ltr'>heredis</span> <span class='ocrx_word' id='word_1_216' title='bbox 702 3061 734 3124; x_wconf 89' lang='lat' dir='ltr'>et</span> <span class='ocrx_word' id='word_1_217' title='bbox 755 3059 830 3124; x_wconf 89' lang='lat' dir='ltr'>totis</span> <span class='ocrx_word' id='word_1_218' title='bbox 859 3059 1039 3141; x_wconf 88' lang='lat' dir='ltr'>patrimonii</span> <span class='ocrx_word' id='word_1_219' title='bbox 1062 3062 1110 3126; x_wconf 90' lang='lat' dir='ltr'>sui</span> <span class='ocrx_word' id='word_1_220' title='bbox 1132 3061 1254 3127; x_wconf 88' lang='lat' dir='ltr'>uiribus</span> <span class='ocrx_word' id='word_1_221' title='bbox 1275 3062 1335 3128; x_wconf 87' lang='lat' dir='ltr'>hoo</span> 
     </span>
     <span class='ocr_line' id='line_1_28' title="bbox 209 3162 1335 3248; baseline 0.004 -21"><span class='ocrx_word' id='word_1_222' title='bbox 209 3164 377 3246; x_wconf 85' lang='lat' dir='ltr'>elaborans,</span> <span class='ocrx_word' id='word_1_223' title='bbox 407 3183 445 3228; x_wconf 91' lang='lat' dir='ltr'>ne</span> <span class='ocrx_word' id='word_1_224' title='bbox 468 3182 501 3228; x_wconf 92' lang='lat' dir='ltr'>se</span> <span class='ocrx_word' id='word_1_225' title='bbox 523 3163 587 3239; x_wconf 90' lang='lat' dir='ltr'>ille,</span> <span class='ocrx_word' id='word_1_226' title='bbox 619 3163 672 3245; x_wconf 89' lang='lat' dir='ltr'>qui</span> <span class='ocrx_word' id='word_1_227' title='bbox 694 3163 785 3227; x_wconf 87' lang='lat' dir='ltr'>heres</span> <span class='ocrx_word' id='word_1_228' title='bbox 807 3162 963 3244; x_wconf 78' lang='lat' dir='ltr'>scribitur,</span> <span class='ocrx_word' id='word_1_229' title='bbox 993 3170 1155 3244; x_wconf 89' lang='lat' dir='ltr'>parentam</span> <span class='ocrx_word' id='word_1_230' title='bbox 1178 3169 1279 3248; x_wconf 88' lang='lat' dir='ltr'>neget,</span> <span class='ocrx_word' id='word_1_231' title='bbox 1303 3168 1335 3231; x_wconf 89' lang='lat' dir='ltr'>et</span> 
     </span>
     <span class='ocr_line' id='line_1_29' title="bbox 207 3265 1334 3333; baseline 0 -2"><span class='ocrx_word' id='word_1_232' title='bbox 207 3273 245 3333; x_wconf 92' lang='lat' dir='ltr'>ut</span> <span class='ocrx_word' id='word_1_233' title='bbox 273 3268 405 3333; x_wconf 86' lang='lat' dir='ltr'>testator</span> <span class='ocrx_word' id='word_1_234' title='bbox 437 3267 672 3332; x_wconf 80' lang='lat' dir='ltr'>infelicissimus</span> <span class='ocrx_word' id='word_1_235' title='bbox 704 3265 892 3332; x_wconf 83' lang='lat' dir='ltr'>stultissima</span> <span class='ocrx_word' id='word_1_236' title='bbox 922 3285 957 3331; x_wconf 88' lang='lat' dir='ltr'>aa</span> <span class='ocrx_word' id='word_1_237' title='bbox 988 3266 1163 3332; x_wconf 87' lang='lat' dir='ltr'>miserrima</span> <span class='ocrx_word' id='word_1_238' title='bbox 1193 3268 1334 3332; x_wconf 90' lang='lat' dir='ltr'>uanitate</span> 
     </span>
     <span class='ocr_line' id='line_1_30' title="bbox 209 3368 1331 3453; baseline 0.001 -20"><span class='ocrx_word' id='word_1_239' title='bbox 209 3369 292 3435; x_wconf 87' lang='lat' dir='ltr'>facto</span> <span class='ocrx_word' id='word_1_240' title='bbox 322 3371 431 3435; x_wconf 92' lang='lat' dir='ltr'>herede</span> <span class='ocrx_word' id='word_1_241' title='bbox 462 3370 567 3453; x_wconf 92' lang='lat' dir='ltr'>nobili,</span> <span class='ocrx_word' id='word_1_242' title='bbox 600 3371 705 3452; x_wconf 91' lang='lat' dir='ltr'>quiin</span> <span class='ocrx_word' id='word_1_243' title='bbox 728 3368 794 3434; x_wconf 88' lang='lat' dir='ltr'>uita</span> <span class='ocrx_word' id='word_1_244' title='bbox 823 3388 880 3434; x_wconf 87' lang='lat' dir='ltr'>sue</span> <span class='ocrx_word' id='word_1_245' title='bbox 902 3369 1051 3434; x_wconf 88' lang='lat' dir='ltr'>humilior</span> <span class='ocrx_word' id='word_1_246' title='bbox 1073 3388 1140 3434; x_wconf 89' lang='lat' dir='ltr'>esse</span> <span class='ocrx_word' id='word_1_247' title='bbox 1163 3371 1249 3434; x_wconf 87' lang='lat' dir='ltr'>uisus</span> <span class='ocrx_word' id='word_1_248' title='bbox 1273 3371 1331 3446; x_wconf 86' lang='lat' dir='ltr'>est,</span> 
     </span>
     <span class='ocr_line' id='line_1_31' title="bbox 172 3469 1384 3542; baseline 0 -8"><span class='ocrx_word' id='word_1_249' title='bbox 172 3471 387 3542; x_wconf 65' lang='lat' dir='ltr'>whonoratior</span> <span class='ocrx_word' id='word_1_250' title='bbox 419 3473 452 3536; x_wconf 93' lang='lat' dir='ltr'>in</span> <span class='ocrx_word' id='word_1_251' title='bbox 486 3475 585 3537; x_wconf 88' lang='lat' dir='ltr'>morte</span> <span class='ocrx_word' id='word_1_252' title='bbox 619 3491 684 3537; x_wconf 84' lang='lat' dir='ltr'>esse</span> <span class='ocrx_word' id='word_1_253' title='bbox 723 3470 876 3536; x_wconf 88' lang='lat' dir='ltr'>uideatur.</span> <span class='ocrx_word' id='word_1_254' title='bbox 925 3489 942 3535; x_wconf 96' lang='lat' dir='ltr'>o</span> <span class='ocrx_word' id='word_1_255' title='bbox 976 3473 1111 3536; x_wconf 87' lang='lat' dir='ltr'>oseeitas</span> <span class='ocrx_word' id='word_1_256' title='bbox 1144 3488 1160 3535; x_wconf 96' lang='lat' dir='ltr'>o</span> <span class='ocrx_word' id='word_1_257' title='bbox 1194 3469 1384 3538; x_wconf 78' lang='lat' dir='ltr'>insaniatbl</span> 
     </span>
    </p>
   </div>
   <div class='ocr_carea' id='block_1_6' title="bbox 205 3691 1392 4280">
    <p class='ocr_par' dir='ltr' id='par_1_6' title="bbox 205 3691 1392 4280">
     <span class='ocr_line' id='line_1_32' title="bbox 260 3691 1264 3748; baseline 0 -2"><span class='ocrx_word' id='word_1_258' title='bbox 260 3694 273 3746; x_wconf 92' lang='grc'>1</span> <span class='ocrx_word' id='word_1_259' title='bbox 301 3693 503 3747; x_wconf 77' lang='lat' dir='ltr'>infidelissimus</span> <span class='ocrx_word' id='word_1_260' title='bbox 528 3694 583 3748; x_wconf 88' lang='lat' dir='ltr'>AB</span> <span class='ocrx_word' id='word_1_261' title='bbox 687 3693 704 3746; x_wconf 81' lang='lat'><strong>2</strong></span> <span class='ocrx_word' id='word_1_262' title='bbox 730 3692 825 3746; x_wconf 81' lang='lat' dir='ltr'>affines</span> <span class='ocrx_word' id='word_1_263' title='bbox 852 3707 885 3746; x_wconf 85' lang='lat' dir='ltr'>eoo</span> <span class='ocrx_word' id='word_1_264' title='bbox 911 3691 1011 3746; x_wconf 89' lang='lat' dir='ltr'>adfines</span> <span class='ocrx_word' id='word_1_265' title='bbox 1037 3708 1108 3746; x_wconf 77' lang='lat' dir='ltr'>corr.</span> <span class='ocrx_word' id='word_1_266' title='bbox 1135 3696 1209 3748; x_wconf 65' lang='lat' dir='ltr'>aad</span> <span class='ocrx_word' id='word_1_267' title='bbox 1236 3694 1264 3746; x_wconf 88' lang='lat' dir='ltr'><em>B</em></span> 
     </span>
     <span class='ocr_line' id='line_1_33' title="bbox 207 3778 1333 3834; baseline 0.002 -2"><span class='ocrx_word' id='word_1_268' title='bbox 207 3779 224 3832; x_wconf 79' lang='lat'><strong>3</strong></span> <span class='ocrx_word' id='word_1_269' title='bbox 242 3779 470 3832; x_wconf 78' lang='lat' dir='ltr'>necessitudinum</span> <span class='ocrx_word' id='word_1_270' title='bbox 488 3794 522 3833; x_wconf 78' lang='lat' dir='ltr'>aa</span> <span class='ocrx_word' id='word_1_271' title='bbox 540 3795 612 3832; x_wconf 90' lang='lat' dir='ltr'>-nem</span> <span class='ocrx_word' id='word_1_272' title='bbox 631 3794 699 3832; x_wconf 81' lang='lat' dir='ltr'>corr.</span> <span class='ocrx_word' id='word_1_273' title='bbox 718 3795 752 3832; x_wconf 85' lang='lat' dir='ltr'>m.</span> <span class='ocrx_word' id='word_1_274' title='bbox 770 3781 791 3832; x_wconf 82' lang='lat'><strong><em>2</em></strong></span> <span class='ocrx_word' id='word_1_275' title='bbox 808 3779 836 3832; x_wconf 92' lang='lat' dir='ltr'><strong><em>B</em></strong></span> <span class='ocrx_word' id='word_1_276' title='bbox 939 3778 955 3831; x_wconf 82' lang='lat'>6</span> <span class='ocrx_word' id='word_1_277' title='bbox 977 3793 1026 3832; x_wconf 86' lang='lat' dir='ltr'>nee</span> <span class='ocrx_word' id='word_1_278' title='bbox 1043 3778 1083 3831; x_wconf 88' lang='lat' dir='ltr'>A:</span> <span class='ocrx_word' id='word_1_279' title='bbox 1110 3794 1164 3832; x_wconf 93' lang='lat' dir='ltr'>non</span> <span class='ocrx_word' id='word_1_280' title='bbox 1183 3780 1211 3832; x_wconf 90' lang='lat' dir='ltr'><em>B</em></span> <span class='ocrx_word' id='word_1_281' title='bbox 1228 3785 1255 3834; x_wconf 81' lang='lat' dir='ltr'>et</span> <span class='ocrx_word' id='word_1_282' title='bbox 1272 3795 1333 3834; x_wconf 82' lang='lat' dir='ltr'>eam</span> 
     </span>
     <span class='ocr_line' id='line_1_34' title="bbox 207 3863 1333 3932; baseline 0.002 -15"><span class='ocrx_word' id='word_1_283' title='bbox 207 3864 270 3922; x_wconf 82' lang='lat' dir='ltr'>edd.</span> <span class='ocrx_word' id='word_1_284' title='bbox 297 3865 430 3919; x_wconf 79' lang='lat' dir='ltr'>Halmiue</span> <span class='ocrx_word' id='word_1_285' title='bbox 532 3865 549 3918; x_wconf 85' lang='lat'><em>8</em></span> <span class='ocrx_word' id='word_1_286' title='bbox 576 3864 716 3918; x_wconf 85' lang='lat' dir='ltr'>infilioitas</span> <span class='ocrx_word' id='word_1_287' title='bbox 742 3865 770 3916; x_wconf 88' lang='lat' dir='ltr'><strong><em>A</em></strong></span> <span class='ocrx_word' id='word_1_288' title='bbox 874 3863 993 3932; x_wconf 88' lang='lat' dir='ltr'>tantum]</span> <span class='ocrx_word' id='word_1_289' title='bbox 1020 3863 1128 3917; x_wconf 87' lang='lat' dir='ltr'>taudem</span> <span class='ocrx_word' id='word_1_290' title='bbox 1155 3864 1333 3920; x_wconf 77' lang='lat' dir='ltr'>FXHiraer</span> 
     </span>
     <span class='ocr_line' id='line_1_35' title="bbox 207 3949 1331 4023; baseline -0.001 -14"><span class='ocrx_word' id='word_1_291' title='bbox 207 3954 276 4010; x_wconf 77' lang='lat' dir='ltr'>esrai.</span> <span class='ocrx_word' id='word_1_292' title='bbox 293 3953 327 4007; x_wconf 78' lang='lat' dir='ltr'>ire</span> <span class='ocrx_word' id='word_1_293' title='bbox 343 3967 477 4023; x_wconf 79' lang='lat' dir='ltr'>proqram.</span> <span class='ocrx_word' id='word_1_294' title='bbox 498 3951 686 4021; x_wconf 78' lang='lat' dir='ltr'>Freieiapeasa&#39;</span> <span class='ocrx_word' id='word_1_295' title='bbox 704 3967 730 4004; x_wconf 86' lang='lat' dir='ltr'>a.</span> <span class='ocrx_word' id='word_1_296' title='bbox 743 3954 814 4006; x_wconf 79' lang='lat'><strong><em>1869</em></strong></span> <span class='ocrx_word' id='word_1_297' title='bbox 821 3967 851 4020; x_wconf 78' lang='lat' dir='ltr'>p.</span> <span class='ocrx_word' id='word_1_298' title='bbox 864 3953 900 4004; x_wconf 84' lang='lat'>15</span> <span class='ocrx_word' id='word_1_299' title='bbox 1000 3949 1032 4003; x_wconf 90' lang='lat'>10</span> <span class='ocrx_word' id='word_1_300' title='bbox 1049 3953 1224 4019; x_wconf 85' lang='lat' dir='ltr'>persequatur</span> <span class='ocrx_word' id='word_1_301' title='bbox 1242 3968 1263 4006; x_wconf 87' lang='lat' dir='ltr'>e.</span> <span class='ocrx_word' id='word_1_302' title='bbox 1281 3968 1331 4008; x_wconf 84' lang='lat' dir='ltr'>eor.</span> 
     </span>
     <span class='ocr_line' id='line_1_36' title="bbox 207 4036 1264 4106; baseline -0.001 -13"><span class='ocrx_word' id='word_1_303' title='bbox 207 4042 308 4093; x_wconf 75' lang='lat' dir='ltr'>nm.2</span> <span class='ocrx_word' id='word_1_304' title='bbox 325 4040 353 4092; x_wconf 88' lang='lat' dir='ltr'><strong><em>A</em></strong></span> <span class='ocrx_word' id='word_1_305' title='bbox 439 4038 472 4091; x_wconf 89' lang='grc'>13</span> <span class='ocrx_word' id='word_1_306' title='bbox 490 4037 604 4091; x_wconf 86' lang='lat' dir='ltr'>rectium</span> <span class='ocrx_word' id='word_1_307' title='bbox 622 4036 650 4089; x_wconf 92' lang='lat' dir='ltr'><strong><em>B</em></strong></span> <span class='ocrx_word' id='word_1_308' title='bbox 739 4037 773 4092; x_wconf 77' lang='lat'>15</span> <span class='ocrx_word' id='word_1_309' title='bbox 790 4037 847 4106; x_wconf 86' lang='lat' dir='ltr'>aut]</span> <span class='ocrx_word' id='word_1_310' title='bbox 866 4038 896 4090; x_wconf 85' lang='lat' dir='ltr'>at</span> <span class='ocrx_word' id='word_1_311' title='bbox 913 4036 940 4089; x_wconf 89' lang='lat' dir='ltr'><em>B</em></span> <span class='ocrx_word' id='word_1_312' title='bbox 1026 4036 1220 4105; x_wconf 67' lang='lat' dir='ltr'>‘solempnem</span> <span class='ocrx_word' id='word_1_313' title='bbox 1236 4039 1264 4092; x_wconf 91' lang='lat' dir='ltr'><strong><em>A</em></strong></span> 
     </span>
     <span class='ocr_line' id='line_1_37' title="bbox 206 4117 1388 4201; baseline 0.001 -22"><span class='ocrx_word' id='word_1_314' title='bbox 206 4125 241 4179; x_wconf 83' lang='lat'>23</span> <span class='ocrx_word' id='word_1_315' title='bbox 266 4117 363 4178; x_wconf 67' lang='lat' dir='ltr'>&#39;forsita</span> <span class='ocrx_word' id='word_1_316' title='bbox 389 4124 417 4177; x_wconf 90' lang='lat' dir='ltr'><strong><em>A</em></strong></span> <span class='ocrx_word' id='word_1_317' title='bbox 519 4122 553 4176; x_wconf 76' lang='grc'>25</span> <span class='ocrx_word' id='word_1_318' title='bbox 579 4123 681 4191; x_wconf 86' lang='lat' dir='ltr'>praetio</span> <span class='ocrx_word' id='word_1_319' title='bbox 707 4125 736 4176; x_wconf 85' lang='lat' dir='ltr'><strong><em>A</em></strong></span> <span class='ocrx_word' id='word_1_320' title='bbox 837 4122 871 4175; x_wconf 73' lang='lat'>28</span> <span class='ocrx_word' id='word_1_321' title='bbox 898 4122 1091 4177; x_wconf 82' lang='lat' dir='ltr'>infilioisrimus</span> <span class='ocrx_word' id='word_1_322' title='bbox 1117 4123 1144 4175; x_wconf 92' lang='lat' dir='ltr'><strong><em>A</em></strong></span> <span class='ocrx_word' id='word_1_323' title='bbox 1165 4124 1231 4178; x_wconf 77' lang='lat' dir='ltr'>item</span> <span class='ocrx_word' id='word_1_324' title='bbox 1244 4127 1333 4193; x_wconf 81' lang='lat' dir='ltr'>parato</span> <span class='ocrx_word' id='word_1_325' title='bbox 1384 4190 1388 4201; x_wconf 29' lang='grc'>1</span> 
     </span>
     <span class='ocr_line' id='line_1_38' title="bbox 205 4207 1392 4280; baseline -0.001 -15"><span class='ocrx_word' id='word_1_326' title='bbox 205 4217 267 4280; x_wconf 84' lang='lat' dir='ltr'>poet</span> <span class='ocrx_word' id='word_1_327' title='bbox 369 4209 403 4264; x_wconf 82' lang='lat'>29</span> <span class='ocrx_word' id='word_1_328' title='bbox 421 4209 477 4279; x_wconf 89' lang='lat' dir='ltr'>qui]</span> <span class='ocrx_word' id='word_1_329' title='bbox 497 4211 559 4277; x_wconf 88' lang='lat' dir='ltr'>quia</span> <span class='ocrx_word' id='word_1_330' title='bbox 578 4215 650 4276; x_wconf 82' lang='lat' dir='ltr'>(eam</span> <span class='ocrx_word' id='word_1_331' title='bbox 667 4210 693 4278; x_wconf 86' lang='lat' dir='ltr'>b)</span> <span class='ocrx_word' id='word_1_332' title='bbox 712 4210 753 4264; x_wconf 84' lang='lat' dir='ltr'>ed.</span> <span class='ocrx_word' id='word_1_333' title='bbox 772 4209 909 4264; x_wconf 73' lang='lat' dir='ltr'>Bolerion</span> <span class='ocrx_word' id='word_1_334' title='bbox 1011 4209 1047 4264; x_wconf 81' lang='lat'>30</span> <span class='ocrx_word' id='word_1_335' title='bbox 1064 4210 1162 4265; x_wconf 71' lang='lat' dir='ltr'>mettas</span> <span class='ocrx_word' id='word_1_336' title='bbox 1180 4210 1237 4264; x_wconf 88' lang='lat' dir='ltr'>AB</span> <span class='ocrx_word' id='word_1_337' title='bbox 1320 4230 1322 4233; x_wconf 50' lang='lat'><strong><em>¹</em></strong></span> <span class='ocrx_word' id='word_1_338' title='bbox 1386 4207 1392 4216; x_wconf 86' lang='lat'><em>&#39;</em></span> 
     </span>
    </p>
   </div>
   <div class='ocr_carea' id='block_1_7' title="bbox 256 4313 1231 4368">
    <p class='ocr_par' dir='ltr' id='par_1_7' title="bbox 256 4313 1231 4368">
     <span class='ocr_line' id='line_1_39' title="bbox 256 4313 1231 4368; baseline -0.002 0"><span class='ocrx_word' id='word_1_339' title='bbox 256 4313 333 4368; x_wconf 85' lang='lat' dir='ltr'><strong>VIII.</strong></span> <span class='ocrx_word' id='word_1_340' title='bbox 1198 4314 1231 4367; x_wconf 83' lang='lat'>19</span> 
     </span>
    </p>
   </div>
   <div class='ocr_carea' id='block_1_8' title="bbox 0 0 1542 4764">
    <p class='ocr_par' dir='ltr' id='par_1_8' title="bbox 0 0 1542 4764">
     <span class='ocr_line' id='line_1_40' title="bbox 0 0 1542 4764; baseline 0 2"><span class='ocrx_word' id='word_1_341' title='bbox 0 0 1542 4764; x_wconf 95' lang='lat' dir='ltr'> </span> 
     </span>
    </p>
   </div>
  </div>
 </body>
</html>
