3076 4764
523 276 561 330 de
578 271 712 342 gubern.
730 269 783 326 dei
801 269 855 330 vn
873 273 888 335 i
906 270 1000 330 9-15.
1262 270 1321 337 159

203 463 348 549 uoluptas
372 480 525 548 nusquam
545 462 739 546 inquinatior
761 463 830 531 nita
851 481 1005 549 nusquam
1033 469 1205 553 eorruptlor
1226 471 1320 537 disei-

203 568 317 652 plina·
344 567 424 634 bano
452 585 507 652 pro
527 566 723 634 muneribus
744 569 841 634 saeris
867 567 1019 635 dederunt
1040 571 1164 637 domino
1186 572 1322 639 retribu-

203 669 335 752 tionem,-
354 673 391 737 ut
413 671 447 736 in
467 670 619 754 qnantum
641 686 693 737 eos
714 670 865 737 bouifioiis
885 673 953 738 sule
971 672 1032 738 ista
1055 672 1094 739 ad
1115 690 1151 739 se
1171 672 1323 740 inlexerat

204 774 243 841 ad
264 772 565 858 propitiandum-sin
587 776 711 840 tantum
733 773 784 839 illi
805 772 934 857 flagitiis
956 776 1021 842 sais
1046 775 1259 852 laborauorint
1281 776 1322 842 ad

179 876 458 944 -rexacerbandum,
504 906 508 928 ι

234 1012 304 1079 ἸΙΙ.
328 1014 382 1079 An
405 1012 485 1080 forte
509 1012 624 1081 falsum
647 1017 695 1084 est
711 996 742 1080 et
757 1014 908 1082 inuidioso
930 1015 1151 1104 potiusquam
1174 1003 1246 1083 uere
1261 1017 1323 1083 ista
1333 1014 1373 1081 13

208 1114 378 1187 dicuntur?
399 1135 461 1182 non
482 1120 554 1183 utar
569 1117 810 1202 reprobatione,
834 1135 895 1201 qua
909 1118 959 1183 uti
969 1117 1029 1211 alii
1043 1119 1075 1211 in
1091 1118 1193 1199 oausis
1210 1118 1321 1197 solent,

206 1221 241 1284 ut
261 1221 429 1305 producam
446 1236 655 1304 questumque
670 1220 710 1286 ad
736 1221 927 1304 probandum
951 1225 1006 1286 aut
1020 1236 1132 1304 pauoos
1144 1224 1203 1287 'aut
1219 1223 1323 1288 extra·

206 1326 278 1388 neos
299 1323 355 1391 au't
376 1321 480 1388 minus
503 1321 627 1387 idoneos
648 1323 761 1389 testes:
791 1312 875 1405 ipsos
897 1325 1140 1411 interrogemus,
1170 1341 1188 1390 a
1211 1323 1323 1406 quibus

172 1443 197 1484 ιε
207 1429 277 1492 aota
291 1427 376 1491 sunt.
391 1424 506 1492 falsum
522 1425 666 1502 diximus,
683 1424 710 1490 si
723 1426 877 1510 negarint.
893 1422 1032 1492 fatentur
1044 1425 1128 1493 enim
1144 1426 1323 1509 etquidem,

206 1526 287 1612 quod
309 1529 356 1594 est
377 1530 514 1614 grauius,
537 1529 581 1594 sio
601 1527 748 1608 latentur,
772 1528 807 1593 ut
829 1530 860 1593 in
883 1527 951 1612 ipsa
974 1526 1162 1594 confessione
1184 1545 1244 1593 non
1266 1530 1322 1594 do·

207 1630 300 1713 lamb.
322 1630 406 1699 idem
430 1626 617 1700 enim'nuna
638 1631 686 1695 est
708 1633 829 1695 animus
851 1633 884 1695 in
906 1629 1152 1713 fatentibusqui
1174 1630 1205 1696 in
1228 1647 1323 1714 agon·

206 1732 291 1799 tibus
313 1730 385 1799 fuit.
410 1733 493 1801 sieut
515 1737 589 1799 tuna
603 1744 665 1798 non
678 1733 791 1819 puduit
805 1732 926 1814 flagitia
948 1732 1151 1813 committere,
1175 1733 1220 1798 sia
1241 1752 1323 1800 nuno

206 1837 331 1904 omnino
361 1852 423 1902 non
452 1835 591 1920 paenitet
618 1833 773 1919 flagitiosa
802 1833 919 1900 lesisse.
966 1834 1102 1917 exeeptis
1124 1834 1232 1901 tamen
1254 1846 1324 1920 per·
1335 1834 1376 1901 14

176 1937 312 2024 repandis
333 1939 430 2006 ferme
453 1937 573 2006 senefia
601 1941 695 2024 atque
716 1939 891 2023 insignibus
917 1937 1009 2018 uiris,
1040 1941 1108 2022 qui,
1132 1941 1174 2023 ut
1197 1939 1324 2023 quidam

208 2043 245 2108 de
271 2061 400 2109 numero
428 2045 567 2127 ipsorum
595 2045 657 2122 ait,
691 2042 845 2128 sparsis
878 2042 1130 2108 redemerunt
1162 2044 1325 2109 erimina

208 2147 387 2226 nummis,
411 2145 558 2232 arreptis,
582 2147 719 2232 inquam,
741 2146 790 2212 his
811 2146 928 2228 loquor,
952 2163 1027 2228 quos
1048 2144 1156 2228 utique
1174 2148 1270 2211 etiarn
1291 2146 1324 2210 in

208 2247 265 2313 illa
277 2249 354 2315 tuna
368 2251 506 2333 generali
520 2247 686 2315 admodum
701 2248 884 2314 conluuione
906 2247 1053 2313 uitiorum
1070 2249 1154 2312 reate
1169 2247 1325 2313 minorum

210 2351 376 2435 ariminum
404 2368 471 2416 reos
501 2351 595 2416 luisse
617 2350 784 2430 eredimus,
814 2349 867 2432 qui
894 2349 1005 2432 corrigi
1032 2348 1237 2414 adiuinitste
1259 2367 1325 2414 me·

177 2455 345 2521 inruerunt.
365 2456 430 2520 non
445 2454 569 2536 penitus
584 2452 665 2517 enim
682 2451 947 2518 dominumtuum
963 2452 1059 2517 laedit
1081 2453 1130 2517 eoi
1146 2452 1325 2536 propitiatio

209 2560 395 2623 reseruntur.
418 2557 449 2622 et
471 2555 545 2640 quid
566 2555 680 2638 plura?
701 2559 777 2637 puto
800 2554 880 2638 quod
903 2573 1024 2637 semper
1039 2556 1132 2620 deum
1152 2558 1184 2620 et
1205 2555 1236 2620 in
1260 2554 1325 2636 ipso

211 2677 311 2726 errore
326 2660 506 2744 respexerit,
529 2677 622 2741 aquo
640 2657 704 2723 hoa·
714 2657 854 2723 obtinere
874 2658 989 2741 potuit,
1012 2676 1049 2724 ne
1064 2656 1183 2724 diutius
1201 2662 1325 2723 erraret.

211 2762 304 2828 aeteri
332 2764 436 2827 autem
470 2763 501 2827 et
534 2762 663 2844 plurimi
694 2764 792 2828 ferme
825 2781 862 2828 ae
895 2762 1081 2828 nobilissimi
1112 2780 1206 2846 prope
1244 2763 1327 2827 idem
1338 2757 1376 2823 15

212 2883 331 2931 omnes:
353 2884 450 2951 paens
472 2883 553 2931 unus
575 2883 688 2949 gurges
704 2867 842 2931 omnium
860 2867 936 2950 gula
957 2884 1055 2951 paene
1078 2883 1175 2931 unum
1198 2865 1327 2948 lupanar

180 2969 351 3041 sommum
373 2969 449 3034 uita
473 2967 601 3050 etquid
623 2968 725 3035 dioam
747 2969 784 3033 de
806 2968 1030 3053 lupanaribus?
1062 2967 1192 3033 minoris
1215 2968 1327 3053 quippe

260 3257 277 3310 6
299 3255 440 3326 inuidiosa]
465 3256 586 3310 odiosum
608 3255 636 3309 Β
737 3254 752 3307 7
776 3269 828 3308 non
851 3259 913 3310 utar
937 3272 968 3311 ea
985 3256 1129 3312 Halmiuss
1158 3271 1212 3310 uon
1228 3255 1327 3310 utsoire

119 3404 122 3409 ⁴
210 3342 269 3396 uA
294 3357 348 3396 non
365 3344 397 3395 ut
412 3357 457 3396 ore
473 3356 490 3395 a
505 3341 534 3396 B
552 3340 743 3407 (nonoretoria
764 3342 824 3396 Tto
841 3346 866 3396 et
882 3341 1095 3410 edd0gaoepost
1113 3341 1199 3396 solent
1216 3341 1327 3397 addrmt

211 3429 282 3496 nar)
294 3443 347 3481 non
360 3430 422 3482 utar
434 3427 535 3482 scilieet
546 3442 577 3480 aa
588 3427 745 3496 suspiratur
756 3425 902 3481 Hartels'us
986 3427 1003 3481 8
1021 3428 1068 3481 aut
1087 3425 1193 3495 panem]
1212 3425 1246 3480 ed
1263 3442 1327 3494 pau·

209 3528 251 3568 oos
273 3513 350 3580 Β(Τ)
372 3548 375 3555 1
453 3513 486 3567 10
507 3513 605 3566 falsum
628 3514 659 3566 ut
680 3514 708 3567 Β
810 3513 934 3580 negarint
957 3512 1032 3566 Bet
1054 3527 1124 3568 corr.
1143 3527 1176 3566 ex
1198 3514 1328 3579 nument

211 3614 243 3654 nr.
260 3601 281 3655 2
306 3600 335 3653 A
437 3597 470 3653 13
495 3598 601 3667 puduit]
628 3599 717 3666 potuit
733 3598 781 3653 aed
796 3614 818 3653 s.
839 3613 922 3653 oser.
940 3615 976 3654 rra
993 3601 1013 3653 2
1031 3599 1074 3652 eni
1092 3600 1167 3668 (erpo
1184 3597 1328 3666 poenituit)

211 3685 238 3738 A
330 3684 355 3738 si
371 3700 393 3739 a.
410 3698 461 3740 aar.
479 3699 493 3739 a
509 3699 544 3738 oa
561 3699 613 3738 reo.
631 3685 659 3737 A
756 3684 790 3739 14
805 3683 926 3754 paenitet
942 3684 985 3739 bio
1003 3685 1030 3738 A
1127 3683 1160 3737 15
1176 3683 1328 3752 insignibus

212 3785 245 3824 en
261 3769 417 3839 insegnibus
434 3770 462 3824 A
479 3785 547 3824 oorr.
564 3785 600 3824 m.
618 3772 639 3823 2
740 3769 773 3824 16
797 3769 964 3824 redemerunt
981 3785 1016 3824 eor
1031 3768 1195 3823 redimerunt
1212 3769 1240 3823 A
1257 3785 1328 3826 sorr.

211 3870 244 3909 m.
255 3859 274 3911 2
284 3856 382 3921 (umbo
392 3855 508 3910 madata
519 3856 669 3912 houmere·
677 3861 786 3924 punem
798 3870 853 3911 esse
865 3857 1040 3924 manifestem
1051 3855 1177 3923 uidem,-
1194 3857 1329 3925 arreptis

211 3938 268 4010 sylb.
279 3940 534 4010 motepaenadtr'moe,
551 3955 714 4009 quamquam
725 3940 933 4008 edessensisine
943 3941 1039 3997 hobed
1050 3942 1080 3995 irs
1091 3942 1216 3997 aeream
1233 3942 1330 3997 ‘ammte'

212 4027 285 4094 «ἀεί’,
309 4027 335 4082 si
360 4043 438 4096 qoam
463 4027 621 4094 offenderit,
646 4027 728 4094 saeida
753 4043 788 4083 aa
812 4029 953 4098 scriptura
980 4028 1007 4081 A
1034 4028 1200 4083 redimerunt
1226 4029 1330 4094 (elisere

208 4113 296 4180 possit
318 4112 496 4179 redimebant3
522 4118 638 4169 coeam
661 4129 680 4166 a
701 4127 753 4182 quo
774 4113 901 4182 profem
918 4115 974 4168 siret
990 4115 1075 4169 uerba
1091 4130 1149 4169 reon
1163 4114 1262 4183 digeret)

214 4198 245 4253 li
263 4214 330 4269 quos
347 4199 441 4268 loquor
458 4199 486 4253 Β
588 4198 623 4254 ab
639 4198 724 4252 laedit
741 4198 823 4266 (ludit
839 4216 874 4255 rra.
892 4203 919 4266 1)
937 4215 1016 4255 auum
1032 4201 1060 4254 B
