3076 4764
350 245 412 311 114
833 242 989 298 Saluiani

348 436 442 501 haris.
473 439 504 501 et
526 434 685 514 miramur,
708 434 735 498 si
755 452 817 500 nen
838 433 1008 500 uincuntur
1030 451 1048 497 a
1075 432 1188 498 nostris
1211 431 1351 513 partibus
1369 429 1474 510 Gothi,

349 557 420 604 enm
453 537 566 604 malint
599 539 680 622 apud
713 536 770 602 hos
799 555 864 602 esse
894 554 995 618 quam·
1009 535 1090 617 apud
1112 553 1167 600 nee
1190 535 1332 600 Romani.
1369 533 1476 617 itaque

348 657 410 706 non
440 642 544 705 solum
577 639 774 724 transfugere
795 643 835 706 ab
857 642 901 706 eie
924 639 964 704 ad
986 656 1042 703 nos
1072 639 1185 704 fratres
1219 637 1317 703 nostri
1348 638 1475 704 omnino

297 742 339 808 38
349 744 470 820 nolunt,
492 745 547 809 sed
568 745 605 810 ut
627 743 667 808 ad
683 761 740 809 eos
762 741 952 825 confugiunt,
985 759 1041 807 nos
1061 741 1252 824 relinquunt.
1287 743 1319 805 et
1347 739 1473 823 quidem

349 845 455 910 mirari
477 846 603 929 possim,
628 848 710 929 quod
732 848 789 912 hoc
811 865 873 912 non
887 863 992 910 omnes
1008 845 1135 910 omnino
1157 844 1293 910 tacerent
1315 842 1475 909 tributarii
1497 861 1510 902 s

347 967 498 1032 pauperes
525 955 557 1015 et
587 951 751 1033 egestuosi,
780 948 842 1015 nisi
870 948 952 1033 qnod
972 967 1037 1014 nna
1063 950 1190 1014 tantum
1212 950 1385 1026 causaest,
1413 965 1475 1030 qua

349 1069 411 1116 nen
434 1051 563 1131 faciunt,
586 1051 660 1135 quia
673 1053 842 1118 transferre
856 1054 933 1118 illuc
945 1053 1084 1118 resculas
1099 1055 1192 1134 atque
1207 1049 1473 1117 habitatiunculas

348 1173 419 1219 suaa
455 1155 653 1240 familiasque
685 1174 748 1222 non
783 1157 924 1240 possunt.
968 1175 1043 1223 nam
1079 1173 1151 1221 cum
1187 1155 1327 1239 plerique
1365 1172 1474 1221 eornm

348 1258 465 1340 agellus
478 1277 518 1324 en
531 1261 733 1326 tabernacula
754 1280 811 1326 sua
825 1263 978 1338 deserant,
1002 1261 1038 1324 ut
1060 1259 1127 1324 uim
1143 1260 1311 1324 exactionis
1326 1260 1472 1336 enatant,

348 1364 500 1442 quomode
522 1382 583 1429 non
605 1382 683 1446 quae
705 1364 934 1445 compelluntur
957 1362 1096 1428 deserere
1118 1361 1236 1427 uellent
1258 1360 1335 1445 [sed]
1358 1380 1509 1440 secum,n

349 1463 378 1529 si
399 1465 593 1545 possibilitas
614 1468 784 1549 pateretur,
807 1466 952 1532 auferret
987 1483 1059 1548 ergo
1082 1464 1155 1548 quia
1178 1464 1235 1531 hoc
1265 1482 1326 1529 non
1355 1464 1473 1547 ualent,

349 1569 430 1649 quod
454 1569 533 1634 forte
556 1570 696 1652 mallent,
720 1569 840 1636 iaciunt
858 1572 938 1653 qnod
961 1587 1061 1633 unum
1082 1566 1198 1634 ualent.
1230 1568 1359 1632 tradunt
1379 1586 1412 1633 se
1431 1569 1473 1633 ud

349 1673 498 1736 tuendum
530 1674 817 1757 protegendumque
850 1672 1038 1751 maioribus,
1072 1671 1236 1739 dediticios
1269 1689 1303 1736 se
1336 1671 1474 1737 diuitum

297 1777 340 1843 39
349 1773 467 1838 faciunt
489 1775 521 1838 et
542 1775 632 1856 quasi
653 1776 686 1840 in
718 1778 767 1840 ius
788 1794 895 1842 eorum
924 1776 1141 1858 dicionemque
1168 1773 1380 1841 trascendunt.
1416 1791 1473 1839 noc

348 1881 456 1941 tamen
478 1895 572 1958 graue
594 1878 653 1943 hoc
668 1881 725 1943 aut
746 1878 911 1961 indignum
934 1879 1111 1955 arbitrarer,
1134 1880 1230 1942 immo
1246 1878 1348 1960 potius
1362 1877 1507 1962 gratu-n

348 1978 429 2044 laren
444 1979 522 2045 hanc
536 1981 712 2062 potentium
727 1981 986 2064 magnitudinem,
1005 1982 1117 2064 quibus
1130 1999 1163 2047 se
1178 1999 1326 2064 pauperes
1343 1981 1472 2060 dedunt,

349 2081 375 2147 si
395 2083 570 2165 patrocinia
597 2084 662 2151 ista
689 2103 750 2150 non
778 2085 959 2168 uenderent,
990 2084 1018 2149 si
1042 2085 1130 2167 quod
1152 2103 1185 2149 se
1207 2085 1314 2148 dicunt
1337 2083 1474 2148 humiles

348 2185 519 2262 defensare,
551 2187 742 2253 humanitati
771 2187 946 2253 tribuerent
972 2205 1033 2253 non
1056 2187 1229 2272 cupiditati.
1268 2187 1348 2254 illud
1376 2204 1473 2271 graue

349 2307 385 2353 ac
406 2291 605 2373 peracerbum
628 2295 686 2375 est,
709 2291 791 2374 quod
813 2291 873 2357 hac
895 2291 963 2375 lege
978 2293 1059 2358 tueri
1082 2309 1232 2375 pauperos
1257 2291 1414 2370 uidentur,
1437 2289 1474 2355 ut

349 2392 494 2473 spolient,
526 2394 584 2458 hac
613 2395 681 2478 lege
712 2388 883 2460 defendunt
911 2395 1051 2474 miseros,
1085 2396 1123 2460 ut
1151 2396 1327 2461 miseriores
1354 2393 1508 2459 laniantia

346 2493 550 2561 defendendo.
587 2515 695 2562 omnes
720 2498 814 2562 ¹euim
842 2497 892 2577 hi,
926 2499 980 2581 qui
1008 2497 1135 2564 defendi
1167 2497 1329 2578 uidentur,
1363 2495 1473 2564 defen·

348 2597 469 2663 soribus
492 2601 558 2665 suis
580 2618 704 2665 omnem
726 2600 789 2665 fere
805 2600 1016 2669 substantiam
1037 2619 1128 2667 suam
1148 2601 1236 2685 prius
1255 2620 1348 2685 quam
1363 2598 1472 2665 defen·

349 2700 464 2764 dantur
492 2701 650 2779 addicunt,
677 2720 714 2768 ac
735 2705 788 2786 sic,
817 2706 853 2768 ut
874 2706 977 2788 patres
1003 2703 1139 2769 habeant
1161 2703 1378 2780 defensionem,
1400 2721 1472 2786 per·

348 2803 429 2867 dunt
450 2803 509 2868 lilii
530 2805 744 2871 hereditatem.
779 2806 872 2872 tuitio
894 2811 1060 2890 parentum
1083 2808 1284 2873 mendicitate
1307 2806 1472 2890 pignorum

295 2909 557 2988 docomparatur.
597 2926 667 2974 ecce
695 2926 773 2990 qnae
801 2912 875 2974 sunt
905 2911 1021 2977 auxilia
1049 2930 1085 2976 ae
1107 2910 1280 2993 patrocinia
1301 2909 1507 2977 maiorumzrs

399 3143 413 3198 1
431 3145 578 3200 uincantur
594 3147 623 3202 Β
723 3148 808 3203 thes
825 3165 881 3204 ease
897 3165 943 3204 eos
960 3149 1008 3204 ced
1025 3166 1069 3204 eos
1081 3155 1178 3218 ponet.
1195 3167 1230 3204 m,
1249 3152 1269 3204 2
1286 3151 1326 3204 A:
1353 3161 1472 3203 eos-esse

346 3229 375 3282 B
391 3231 474 3299 (apud
491 3246 536 3285 eos
555 3233 583 3286 Β
598 3247 618 3287 s.
637 3234 667 3298 l.)
769 3250 817 3289 nes
844 3250 895 3290 ora.
922 3237 949 3290 A
1053 3236 1166 3290 Romani
1189 3235 1216 3291 A
1237 3251 1258 3290 o.
1282 3236 1293 3288 i
1315 3234 1381 3291 add.
1395 3234 1472 3289 aaut

347 3330 376 3370 os
478 3317 495 3371 3
521 3318 688 3387 transfugere
713 3337 747 3374 coc
772 3321 936 3389 transfugire
956 3321 983 3375 A
1006 3336 1075 3376 corr.
1096 3325 1168 3375 m.2
1269 3320 1287 3374 4
1313 3319 1473 3388 confugiunt

347 3402 374 3456 A
476 3403 579 3471 dfert.
603 3421 706 3474 possem
819 3407 835 3460 6
859 3422 938 3461 cansa
961 3408 1068 3460 tantum
1092 3407 1120 3460 B
1231 3412 1282 3475 que
1306 3399 1364 3472 (aad
1380 3421 1400 3460 s.
1419 3421 1472 3461 scr.

346 3503 381 3541 m.
399 3489 419 3541 2
436 3490 489 3557 are)
507 3494 526 3542 h
543 3489 648 3544 faciunt
664 3490 693 3544 A
794 3491 810 3546 'l
833 3491 897 3562 qnia
914 3507 949 3545 ec
966 3506 1032 3561 quae
1049 3493 1077 3546 A
1093 3507 1163 3547 corr.
1180 3509 1215 3546 m.
1232 3495 1264 3546 2:
1294 3507 1360 3560 quae
1376 3491 1404 3546 B

346 3573 363 3626 8
380 3573 566 3645 familiasqnae
583 3576 631 3631 aed
647 3582 764 3646 apostr.
778 3582 877 3645 ponor.
893 3578 921 3632 A
1006 3577 1023 3633 9
1040 3578 1141 3646 agellos
1158 3595 1192 3632 aa
1211 3577 1266 3632 -lus
1284 3584 1309 3632 et
1326 3576 1472 3651 exactionis

347 3673 382 3711 ecc
394 3675 454 3713 -nes
466 3662 493 3715 A
504 3655 572 3716 eorr‘.
586 3666 649 3718 m.1
741 3662 776 3716 10
786 3662 833 3716 sed
844 3661 1005 3717 imbuemur
1017 3669 1043 3717 et
1054 3664 1160 3718 auferre
1168 3679 1224 3733 pro
1236 3663 1372 3717 auferrent
1384 3658 1471 3731 saio

346 3743 432 3799 simun
457 3761 518 3800 eran
544 3745 674 3802 Hortclio
778 3747 810 3800 12
837 3747 871 3802 ad
897 3764 948 3802 om.
975 3749 1003 3800 A
1106 3748 1139 3802 14
1165 3749 1358 3803 transcendunt
1381 3746 1410 3802 Β

348 3829 381 3884 16
398 3828 449 3884 hae
460 3846 481 3885 a.
492 3844 543 3888 ecr.
556 3849 574 3887 n
586 3835 653 3888 m.2
669 3833 697 3888 A
793 3834 952 3902 petentium
970 3839 996 3888 ct
1011 3835 1039 3888 A
1055 3833 1134 3889 babet
1145 3835 1218 3903 quod
1229 3832 1471 3904 Halmium-tim:

339 3917 488 3983 'potentum
500 3917 561 3973 edd,
649 3919 835 3989 magnitudine
846 3919 874 3973 A
886 3921 968 3988 (sord
982 3921 1031 3974 hae
1043 3923 1185 3988 polenum
1198 3921 1393 3990 magnitudine,
1403 3932 1472 3976 cum

347 4003 500 4070 gratularer
516 4003 634 4060 idemuit
645 4007 718 4074 qued
734 4005 1016 4075 ganderemefis.18'
1032 4007 1174 4076 Hatram)
1261 4007 1360 4062 endunt
1375 4008 1405 4061 A

349 4087 382 4141 i8
401 4086 567 4144 humanitati
582 4091 738 4146 tribuerint
750 4105 793 4146 'aa
815 4093 857 4144 ·te
881 4094 957 4146 ·rent
979 4093 1007 4147 A
1025 4108 1100 4147 cerr.
1119 4109 1158 4152 ,aa
1171 4095 1196 4147 ,2
1217 4094 1282 4148 dem
1295 4098 1395 4162 postea
1413 4093 1473 4162 lege

347 4173 420 4228 tueri
437 4191 472 4230 ca
489 4175 558 4244 legit
575 4175 632 4229 ueri
728 4177 762 4231 21
781 4177 820 4231 hii
837 4177 866 4232 B
968 4176 1003 4231 22
1020 4176 1085 4230 ferre
1102 4178 1150 4234 scd
1167 4179 1216 4233 ult.
1234 4184 1358 4247 rpuact.
1376 4179 1403 4232 A
