3076 4764
570 297 720 366 epistola
741 298 833 354 VIIII.
1200 304 1264 370 223

137 486 298 568 scripsisse
331 487 459 565 dicitnr,
493 506 547 568 per
575 507 668 569 quem
695 488 814 552 lactum
843 489 948 553 estut
971 489 1166 555 scriberetur.
1203 490 1315 558 hacto

137 607 231 654 conss
252 591 349 674 igitur
371 589 403 654 in
430 591 525 655 titulo
553 590 733 656 libellorum
754 591 911 656 Timothei
933 609 1045 655 nornen
1074 593 1259 674 inscriptum

136 695 192 758 est.
229 710 400 774 congruum
429 693 583 775 siquidem
611 695 745 777 scriptor
767 695 822 759 ille
844 694 1043 770 existimauit,
1073 699 1108 759 ut
1131 713 1203 758 oum
1226 696 1259 760 in

134 795 283 861 honorem
306 796 358 861 dei
380 795 503 862 libellos
525 797 683 880 scriberet,
714 800 774 880 ipsi
798 797 970 864 diuinitatis
993 798 1102 864 honori
1125 798 1260 863 titulum

114 900 338 966 coonsecraret.
376 900 484 978 habes,
515 918 532 964 o
562 901 606 965 mi
639 900 760 979 Saloni,
791 902 905 966 caritas
936 920 1019 980 mea,
1051 902 1145 965 habes
1176 901 1257 982 quod

135 1003 275 1084 exegisti,
298 1003 417 1085 inploui
439 1021 515 1086 opus
537 1003 676 1068 muneris
699 1004 843 1088 inperati.
874 1006 1015 1087 superest
1037 1005 1081 1079 nt,
1106 1006 1178 1085 quie
1200 1022 1256 1086 ego

135 1124 205 1171 sum
232 1105 358 1171 functus
387 1106 529 1189 partibus
552 1106 648 1185 meis,
672 1108 705 1172 et
726 1111 761 1170 tn
784 1106 923 1189 fungaris
945 1106 1026 1188 tuis,
1049 1108 1081 1171 id
1105 1111 1166 1187 est,
1189 1124 1256 1170 ores

135 1207 296 1273 dominum
329 1210 421 1275 deum
456 1212 596 1275 nostrum
619 1211 652 1274 et
683 1214 797 1275 orendo
831 1211 980 1292 inpetres,
1015 1213 1050 1276 ut
1084 1209 1183 1276 libelli
1218 1209 1257 1275 ad

135 1312 298 1376 ecclesiam
314 1311 431 1376 Christi
453 1313 568 1377 honore
585 1313 754 1394 conscripti
768 1313 892 1378 tontum
908 1313 989 1396 apud
1006 1315 1097 1378 deum
1113 1312 1258 1394 scriptori

101 1430 189 1478 roseo
217 1414 346 1495 prosint,
376 1419 527 1497 quantum
559 1435 608 1481 eos
637 1417 783 1497 prodesse
812 1417 877 1500 ipse
900 1417 1043 1482 omnibus
1066 1417 1161 1497 cupit.
1199 1434 1256 1480 noc

134 1517 298 1600 iniustum,
320 1523 405 1598 puto,
429 1519 477 1583 est
499 1518 697 1597 desiderium,
721 1538 780 1601 qno
803 1521 927 1584 tontum
946 1518 1007 1584 sibi
1030 1519 1143 1600 aliquis
1165 1537 1255 1600 prae·

135 1622 211 1684 steri
243 1622 381 1702 postulat
414 1639 469 1702 pro
503 1622 613 1697 salute,
647 1624 798 1705 quantum
834 1625 898 1706 ipse
933 1626 1020 1705 optet
1051 1622 1171 1687 cunctis
1200 1640 1255 1704 pro

135 1724 271 1790 caritate.
310 1726 387 1803 nale,
411 1725 455 1788 mi
477 1723 591 1807 Saloni,
615 1727 709 1790 decus
732 1730 871 1791 nostrum
894 1728 988 1809 atque
1011 1726 1195 1790 subsidium.

185 2013 198 2066 1
218 2011 320 2066 lactum
338 2013 477 2067 erfastus
495 2014 523 2068 Β
540 2029 610 2068 corr.
628 2031 662 2067 m.
681 2018 701 2069 2
718 2016 783 2069 item
799 2015 893 2069 statim
910 2014 958 2068 hcc
977 2031 1012 2069 ccc
1029 2015 1093 2068 haec
1192 1999 1257 2067 2'in

133 2097 245 2152 titulum
268 2114 290 2167 p
392 2100 410 2152 4
434 2099 557 2153 libellum
579 2116 601 2168 p
703 2101 785 2154 titulo
802 2100 830 2154 Β
853 2102 918 2168 fort.
936 2107 1007 2155 recte
1111 2101 1127 2154 5
1154 2100 1257 2153 karitas

25 2220 27 2224 ι
134 2185 162 2239 Β
271 2186 287 2239 'l
313 2183 423 2239 functus
450 2201 510 2240 snm
531 2201 553 2253 p
665 2185 743 2239 hores
764 2192 861 2254 punct.
888 2185 907 2239 h
934 2185 962 2239 Β
1075 2183 1092 2238 8
1118 2185 1148 2238 id
1174 2185 1257 2252 impe·

134 2272 224 2340 tresp
326 2272 357 2325 11
376 2272 447 2340 quod
461 2279 556 2340 pwcct.
576 2271 593 2324 d
611 2271 639 2324 Β
742 2271 773 2325 13
797 2271 888 2326 Saloni
907 2272 1055 2326 Betucius:
1084 2287 1131 2326 orn.
1152 2271 1191 2338 B,
1219 2269 1259 2324 mi

136 2356 226 2412 Saloni
242 2373 329 2426 orrcp
357 2359 391 2425 cf.
410 2365 434 2422 ἕ.
453 2360 477 2411 5.
